@book{PS96,
  title={{Teoria della Statistica: metodi, modelli, approssimazioni asintotiche}},
  author={Pace, L. and Salvan, A.},
  publisher={Cedam, Padova},
  year={1996}
}

@article{Severini2007,
  title={{Integrated likelihood functions for non-Bayesian inference}},
  author={Severini, T.A.},
  journal={Biometrika},
  volume={94},
  pages={529--542},
  year={2007},
}

@article{ArellanoBonhomme2009,
  title={{Robust priors in nonlinear panel data models}},
  author={Arellano, M. and Bonhomme, S.},
  journal={Econometrica},
  volume={77},
  pages={489--536},
  year={2009},
}

@article{BergerAl1999,
  title={{Integrated likelihood methods for eliminating nuisance parameters}},
  author={Berger, J.O. and Liseo, B. and Wolpert, R.L.},
  journal={Statistical Science},
  volume={14},
  pages={1--22},
  year={1999},
}

@book{Severini2000,
  title={{Likelihood Methods in Statistics}},
  author={Severini, T.A.},
  year={2000},
  publisher={Oxford University Press, Oxford}
}

@article{Wasserman2000,
  title={{Asymptotic inference for mixture models using data-dependent priors}},
  author={Wasserman, L.},
  journal={Journal of the Royal Statistical Society. Series B (Methodological)},
  volume={62},
  pages={159--180},
  year={2000},
}

@article{BN1983,
  title={{On a formula for the distribution of the maximum likelihood estimator}},
  author={Barndorff-Nielsen, O.E.},
  journal={Biometrika},
  volume={70},
  pages={343--365},
  year={1983},
}

@article{Severini1998,
  title={{An approximation to the modified profile likelihood function}},
  author={Severini, T.A.},
  journal={Biometrika},
  volume={85},
  pages={403--411},
  year={1998},
}

@article{BN1995,
  title={{Stable and invariant adjusted profile likelihood and directed likelihood for curved exponential models}},
  author={Barndorff-Nielsen, O.E.},
  journal={Biometrika},
  volume={82},
  pages={489--499},
  year={1995},
}

@article{Sartori2003,
  title={{Modified profile likelihoods in models with stratum nuisance parameters}},
  author={Sartori, N.},
  journal={Biometrika},
  volume={90},
  pages = {533--549},
  year={2003},
}

@book{PS97,
  title={{Principles of Statistical Inference: from a neo-Fisherian perspective}},
  author={Pace, L. and Salvan, A.},
  year={1997},
  publisher={World Scientific, Singapore}
}

@article{Lindsay1980,
  title={{Nuisance parameters, mixture models, and the efficiency of partial likelihood estimators}},
  author={Lindsay, B.G.},
  journal={Philosophical Transactions of the Royal Society of London. Series A, Mathematical and Physical Sciences},
  volume = {296},
  pages={639--662},
  year={1980},
}

@article{LindsayAl1991,
  title={{Semiparametric estimation in the Rasch model and related exponential response models, including a simple latent class model for item analysis}},
  author={Lindsay, B. and Clogg, C.C. and Grego, J.},
  journal={Journal of the American Statistical Association},
  volume={86},
  pages={96--107},
  year={1991},
}

@article{Lindsay1985,
  title={{Using empirical partially Bayes inference for increased efficiency}},
  author={Lindsay, B.G.},
  journal={The Annals of Statistics},
  volume={13},
  pages={914--931},
  year={1985},
}

@article{LiangTsou1992,
  title={{Empirical Bayes and conditional inference with many nuisance parameters}},
  author={Liang, K.Y. and Tsou, D.},
  journal={Biometrika},
  volume={79},
  pages = {261--270},
  year={1992},
}

@article{Efron1996,
  title={{Empirical Bayes methods for combining likelihood.}},
  author={Efron, B.},
  journal={Journal of the American Statistical Association},
  volume={91},
  pages = {538--550},
  year={1996},
}

@article{Rice2004,
  title={{Equivalence between conditional and mixture approaches to the Rasch model and matched case-control studies, with applications.}},
  author={Rice, K.M.},
  journal={Journal of the American Statistical Association},
  volume={99},
  pages={510--523},
  year={2004},
}

@article{Rice2008,
  title={{Equivalence between conditional and random-effects likelihoods for pair-matched case-control studies}},
  author={Rice, K.},
  journal={Journal of the American Statistical Association},
  volume={103},
  pages={385--396},
  year={2008},
}

@article{NeuhausAl1994,
  author={Neuhaus, J.M. and Kalbfleisch, J.D. and Hauck, W.W.},
  title={Conditions for consistent estimation in mixed-effects models for binary matched-pairs data},
  journal={Canadian Journal of Statistics},
  volume={22},
  pages={139--148},
  year={1994},
}

@article{PS1992,
  title={{A note on conditional cumulants in canonical exponential families}},
  author={Pace, L. and Salvan, A.},
  journal={Scandinavian Journal of Statistics},
  volume={19},
  pages={185--191},
  year={1992},
}

@book{Andersen1980,
  title={{Discrete Statistical Models with Social Science Applications}},
  author={Andersen, E.B.},
  year={1980},
  publisher={North-Holland, Amsterdam}
}

@article{AndersenMadsen1977,
  title={{Estimating the parameters of the latent population distribution}},
  author={Andersen, E. and Madsen, M.},
  journal={Psychometrika},
  volume={42},
  pages={357--374},
  year={1977},
}

@article{SartoriAl1999,
  author = {Sartori, N. and Bellio, R. and Salvan, A. and Pace, L.},
  journal = {Biometrika},
  pages = {735--742},
  title = {The directed modified profile likelihood with many nuisance parameters},
  volume = {86},
  year = {1999}
}

@article{CoxReid1987,
  author = {Cox, D.R. and Reid, N.M.},
  journal = {Journal of the Royal Statistical Society. Series B (Methodological)},
  pages = {1--39},
  title = {Parameter orthogonality and approximate conditional inference},
  volume = {49},
  year = {1987}
}

@article{BN1986,
  author = {Barndorff-Nielsen, O.E.},
  journal = {Biometrika},
  pages = {307--322},
  title = {Inference on full or partial parameters based on the standardized signed log-likelihood ratio},
  volume = {73},
  year = {1986}
}

@article{Severini2010,
  author = {Severini, T.A.},
  journal = {Biometrika},
  pages = {481--496},
  title = {{Likelihood ratio statistics based on an integrated likelihood}},
  volume = {97},
  year = {2010}
}

@article{Morris1983,
  title={Parametric empirical Bayes inference: theory and applications},
  author={Morris, C.N.},
  journal={Journal of the American Statistical Association},
  volume={78},
  pages={47--55},
  year={1983},
}

@article{BN1994,
  title = {Adjusted versions of profile likelihood and directed likelihood, and extended likelihood},
  author = {Barndorff-Nielsen, O.E.},
  journal = {Journal of the Royal Statistical Society. Series B (Methodological)},
  volume = {56},
  pages = {125--140},
  year = {1994},
}

@article{MccullaghTibshiriani1990,
  title = {A simple method for the adjustment of profile likelihoods},
  author = {McCullagh, P. and Tibshirani, R.},
  journal = {Journal of the Royal Statistical Society. Series B (Methodological)},
  volume = {52},
  pages = {325--344},
  year = {1990},
}

@book{BNCox1994,
  title={{Inference and Asymptotics}},
  author={Barndorff-Nielsen, O.E. and Cox, D.R.},
  isbn={041249440X},
  year={1994},
  publisher={Chapman \& Hall, London}
}

@article{PiercePeters1992,
  title={{Practical use of higher order asymptotics for multiparameter exponential families}},
  author={Pierce, D.A. and Peters, D.},
  journal={Journal of the Royal Statistical Society. Series B (Methodological)},
  volume={54},
  pages={701--737},
  year={1992},
}

@article{NeymanScott1948,
  title={{Consistent estimates based on partially consistent observations}},
  author={Neyman, J. and Scott, E.L.},
  journal={Econometrica},
  volume={16},
  pages={1--32},
  year={1948},
}

@article{Sweeting1995,
  author = {Sweeting, T.J.},
  journal = {Biometrika},
  pages = {1--23},
  title = {{A framework for Bayesian and likelihood approximations in statistics}},
  volume = {82},
  year = {1995}
}

@article{Sweeting1996,
  title={{Approximate Bayesian computation based on signed roots of log-density ratios (with discussion)}},
  author={Sweeting, T.J.},
  journal={Bayesian Statistics},
  volume={5},
  pages={427--444},
  year={1996},
}

@article{Sweeting1987,
  title={{Discussion of the paper by Cox and Reid}},
  author={Sweeting, T.J.},
  journal={Journal of the Royal Statistical Society. Series B (Methodological)},
  volume={49},
  pages={20--21},
  year={1987}
}

@article{DiciccioAl1990,
  title={{Approximations of marginal tail probabilities and inference for scalar parameters}},
  author={DiCiccio, T.J. and Field, C.A. and Fraser, D.A.S.},
  journal={Biometrika},
  volume={77},
  pages={77--95},
  year={1990}
}

@inproceedings{BN1996,
  title={Two order asymptotic},
  author={Barndorff-Nielsen, O.E.},
  pages={9--20},
  editor={Melnikov, A.},
  booktitle={Frontiers in Pure and Applied Probability II: Proceedings of the Fourth Russian-Finnish Symposium Prob. Th. Math. Statist.},
  year={1996},
  publisher={TVP Science, Moscow}
}

@article{DiciccioMartin1993,
  title={{Simple modifications for signed roots of likelihood ratio statistics}},
  author={DiCiccio, T.J. and Martin, M.A.},
  journal={Journal of the Royal Statistical Society. Series B (Methodological)},
  volume={55},
  pages={305--316},
  year={1993},
}

@book{Laplace1774,
  title={{Memoire sur la Probabilite des Causes par les Evenemens}},
  author={Laplace, P.S.},
  year={1774},
  publisher={De l'Imprimerie Royale}
}

@article{CoxWermuth1990,
  author = {Cox, D.R. and Wermuth, N.},
  journal = {Biometrika},
  pages = {747--761},
  title = {{An approximation to maximum likelihood estimates in reduced models}},
  volume = {77},
  year = {1990}
}

@article{Severini1999,
  title={On the relationship between Bayesian and non-Bayesian elimination of nuisance parameters},
  author={Severini, T.A.},
  journal={Statistica Sinica},
  volume={9},
  pages={713--724},
  year={1999}
}

@article{Liseo1993,
  title={Elimination of nuisance parameters with reference priors},
  author={Liseo, B.},
  journal={Biometrika},
  volume={80},
  pages={295--304},
  year={1993},
}

@article{Portnoy1988,
  title={Asymptotic behavior of likelihood methods for exponential families when the number of parameters tends to infinity},
  author={Portnoy, S.},
  journal={The Annals of Statistics},
  volume={16},
  pages={356--366},
  year={1988},
}

@article{KieferWolfowitz1956,
  title={Consistency of the maximum likelihood estimator in the presence of infinitely many incidental parameters},
  author={Kiefer, J. and Wolfowitz, J.},
  journal={The Annals of Mathematical Statistics},
  volume={27},
  pages={887--906},
  year={1956},
}

@book{PfanzaglWefelmeyer1982,
  title={Contributions to a General Asymptotic Statistical Theory},
  author={Pfanzagl, J. and Wefelmeyer, W.},
  year={1982},
  publisher={Springer, New York}
}

@article{Follmann1988,
  title={Consistent estimation in the Rasch model based on nonparametric margins},
  author={Follmann, D.},
  journal={Psychometrika},
  volume={53},
  pages={553--562},
  year={1988},
}

@article{Skovgaard2001,
  title={Likelihood asymptotics},
  author={Skovgaard, I.M.},
  journal={Scandinavian Journal of Statistics},
  volume={28},
  pages={3--32},
  year={2001},
}

@article{Skovgaard1989,
  title={A review of higher order likelihood inference},
  author={Skovgaard, I.M.},
  journal={Bulletin of the International Statistical Institute},
  volume={53},
  pages={331--351},
  year={1989}
}

@article{Pfanzagl1993,
  title={Incidental versus random nuisance parameters},
  author={Pfanzagl, J.},
  journal={The Annals of Statistics},
  volume={21},
  pages={1663--1691},
  year={1993},
}

@article{BN1991,
  title={Modified signed log likelihood ratio},
  author={Barndorff-Nielsen, OE},
  journal={Biometrika},
  volume={78},
  pages={557--563},
  year={1991},
}

@article{Strasser1996,
  title={Asymptotic efficiency of estimates for models with incidental nuisance parameters},
  author={Strasser, H.},
  journal={The Annals of Statistics},
  volume={24},
  pages={879--901},
  year={1996},
}

@book{Wald1950,
  title={Statistical Decision Functions},
  author={Wald, A.},
  year={1950},
  publisher={Wiley, New York}
}

@book{PinheiroBates2000,
  title={Mixed-effects Models in S and S-Plus},
  year={2000},
  author={Pinheiro, J.C. and Bates, D.M.},
  publisher={Springer, New York}
}

@article{Robbins1955,
  title={An empirical Bayes approach to statistics},
  author={Robbins, H.},
  journal={Proceedings of the Third Berkley Symposium Mathematical Statistics and Probability},
  volume={1},
  pages={157--164},
  year={1955},
}

@book{Maritz1970,
  title={Empirical Bayes Methods},
  author={Maritz, J.S.},
  year={1970},
  publisher={Methuen, London}
}

@article{SartoriSeverini2004,
  title={Conditional likelihood inference in generalized linear mixed models},
  author={Sartori, N. and Severini, T.},
  journal={Statistica Sinica},
  volume={14},
  pages={349--360},
  year={2004}
}

@article{PaceAl2011,
  title={Adjusting composite likelihood ratio statistics},
  author={Pace, L. and Salvan, A. and Sartori, N.},
  journal={Statistica Sinica},
  volume={21},
  pages={129--148},
  year={2011}
}

@article{CoxReid2004,
  title={A note on pseudolikelihood constructed from marginal densities},
  author={Cox, DR and Reid, N.},
  journal={Biometrika},
  volume={91},
  pages={729--737},
  year={2004},
}

@article{PakelAl2011,
  title={Nuisance parameters, composite likelihoods and a panel of GARCH models},
  author={Pakel, C and Shephard, N. and Sheppard, K.},
  journal={Statistica Sinica},
  volume={21},
  pages={307--329},
  year={2011},
}

@article{VarinAl2011,
  title={An overview of composite likelihood methods},
  author={Varin, C. and Reid, N. and Firth, D.},
  journal={Statistica Sinica},
  volume={21},
  pages={5--42},
  year={2011}
}

@article{Varin2008,
  title={On composite marginal likelihoods},
  author={Varin, C.},
  journal={Advances in Statistical Analysis},
  volume={92},
  pages={1--28},
  year={2008},
}

@article{Severini2002,
  title={Modified estimating functions},
  author={Severini, T.A.},
  journal={Biometrika},
  volume={89},
  pages={333--343},
  year={2002},
}

@article{Stafford1996,
  title={A robust adjustment of the profile likelihood},
  author={Stafford, J.E.},
  journal={The Annals of Statistics},
  volume={24},
  pages={336--352},
  year={1996},
}

@article{Besag1974,
  title={Spatial interaction and the statistical analysis of lattice systems},
  author={Besag, J.},
  journal={Journal of the Royal Statistical Society. Series B (Methodological)},
  volume={36},
  pages={192--236},
  year={1974},
}

@article{Lindsay1988,
  title={Composite likelihood methods},
  author={Lindsay, B.G.},
  journal={Contemporary Mathematics},
  volume={80},
  pages={221--239},
  year={1988}
}

@article{GeysAl1999,
  title={Pseudolikelihood modeling of multivariate outcomes in developmental toxicology},
  author={Geys, H. and Molenberghs, G. and Ryan, L.M.},
  journal={Journal of the American Statistical Association},
  volume={94},
  pages={734--745},
  year={1999},
}

@article{FoutzSrivastava1977,
  title={The performance of the likelihood ratio test when the model is incorrect},
  author={Foutz, R.V. and Srivastava, RC},
  journal={The Annals of Statistics},
  volume={5},
  pages={1183--1194},
  year={1977},
}

@article{FoutzSrivastava1978,
  title={The asymptotic distribution of the likelihood ratio when the model is incorrect},
  author={Foutz, R.V. and Srivastava, RC},
  journal={Canadian Journal of Statistics},
  volume={6},
  pages={273--279},
  year={1978},
}

@article{Kent1982,
  title={Robust properties of likelihood ratio tests},
  author={Kent, J.T.},
  journal={Biometrika},
  volume={69},
  pages={19},
  year={1982},
}

@book{MolenberghsVerbeke2005,
  title={Models for Discrete Longitudinal Data},
  author={Molenberghs, G. and Verbeke, G.},
  year={2005},
  publisher={Springer, New York}
}

@article{RotnitzkyJewell1990,
  title={Hypothesis testing of regression parameters in semiparametric generalized linear models for cluster correlated data},
  author={Rotnitzky, A. and Jewell, N.P.},
  journal={Biometrika},
  volume={77},
  pages={485--497},
  year={1990},
}

@article{Satterthwaite1946,
  title={An approximate distribution of estimates of variance components},
  author={Satterthwaite, F.E.},
  journal={Biometrics Bulletin},
  volume={2},
  pages={110--114},
  year={1946},
}

@article{Wood1989,
  title={An F approximation to the distribution of a linear combination of chi-squared variables.},
  author={Wood, A.T.A.},
  journal={Communications in Statistics - Simulation and Computation},
  volume={18},
  pages={1439--1456},
  year={1989},
}

@article{LindsayAl2000,
  title={Moment-based approximations of distributions using mixtures: theory and applications},
  author={Lindsay, B.G. and Pilla, R.S. and Basak, P.},
  journal={Annals of the Institute of Statistical Mathematics},
  volume={52},
  pages={215--230},
  year={2000},
}

@article{ChandlerBate2007,
  title={Inference for clustered data using the independence loglikelihood},
  author={Chandler, R.E. and Bate, S.},
  journal={Biometrika},
  volume={94},
  pages={167--183},
  year={2007},
}

@article{AdimariVentura2002,
  title={Quasi-profile loglikelihoods for unbiased estimating functions},
  author={Adimari, G. and Ventura, L.},
  journal={Annals of the Institute of Statistical Mathematics},
  volume={54},
  pages={235--244},
  year={2002},
}

@article{Skovgaard1996,
  title={An explicit large-deviation approximation to one-parameter tests},
  author={Skovgaard, I.M.},
  journal={Bernoulli},
  volume={2},
  pages={145--165},
  year={1996},
}

@article{CoxReid1993,
  title={A note on the calculation of adjusted profile likelihood},
  author={Cox, DR and Reid, N.},
  journal={Journal of the Royal Statistical Society. Series B (Methodological)},
  volume={55},
  pages={467--471},
  year={1993},
}

@article{FraserAl2004,
  title={Inference for bounded parameters},
  author={Fraser, DAS and Reid, N. and Wong, ACM},
  journal={Physical Review D},
  volume={69},
  pages={033002},
  year={2004},
}

@article{Mandelkern2002,
  title={Setting confidence intervals for bounded parameters},
  author={Mandelkern, M.},
  journal={Statistical Science},
  volume={17},
  pages={149--159},
  year={2002},
}

@article{DavisonSartori2008,
  title={The {B}anff challenge: statistical detection of a noisy signal},
  author={Davison, AC and Sartori, N.},
  journal={Statistical Science},
  volume={23},
  pages={354--364},
  year={2008},
}

@article{severini1998b,
  title={Likelihood functions for inference in the presence of a nuisance parameter},
  author={Severini, T.A.},
  journal={Biometrika},
  volume={85},
  pages={507--522},
  year={1998},
}

@article{BN1980,
  title={Conditionality resolutions},
  author={Barndorff-Nielsen, O.},
  journal={Biometrika},
  volume={67},
  pages={293--310},
  year={1980},
}

@article{KalbfleischSprott1970,
  title={Application of likelihood methods to models involving large numbers of parameters},
  author={Kalbfleisch, J.D. and Sprott, D.A.},
  journal={Journal of the Royal Statistical Society. Series B (Methodological)},
  volume={32},
  pages={175--208},
  year={1970},
}

@article{PaceSalvan2006,
  title={Adjustments of the profile likelihood from a new perspective},
  author={Pace, L. and Salvan, A.},
  journal={Journal of Statistical Planning and Inference},
  volume={136},
  pages={3554--3564},
  year={2006},
}

@inproceedings{Huber1967,
  title={The behavior of maximum likelihood estimates under nonstandard conditions},
  author={Huber, P.J.},
  booktitle={Proceedings of the fifth Berkeley symposium on mathematical statistics and probability},
  volume={1},
  pages={221--233},
  year={1967}
}

@book{Davison2003,
  title={Statistical Models},
  author={Davison, A.C.},
  year={2003},
  publisher={Cambridge University Press, Cambridge}
}

@article{BourgonAl2010,
  title={Independent filtering increases detection power for high-throughput experiments},
  author={Bourgon, R. and Gentleman, R. and Huber, W.},
  journal={Proceedings of the National Academy of Sciences},
  volume={107},
  pages={9546},
  year={2010},
}

@article{Friedman1987,
  title={{Exploratory projection pursuit}},
  author={Friedman, J.H.},
  journal={Journal of the American Statistical Association},
  volume={82},
  pages={249--266},
  year={1987},
}

@conference{MenardiTorelli2010,
  title={{Preserving the clustering structure by a projection pursuit approach}},
  author={Menardi, G. and Torelli, N.},
  publisher={Springer},
  booktitle={Data Analysis and Classification},
  editor={Palumbo, Francesco and Lauro, Carlo Natale and Greenacre, Michael J. },
  year={2010},
  pages={171--178}
}

@article{GuoAl2007,
  title={{Regularized linear discriminant analysis and its application in microarrays}},
  author={Guo, Y. and Hastie, T. and Tibshirani, R.},
  journal={Biostatistics},
  volume={8},
  pages={86--100},
  year={2007},
}

@article{TibshiraniAl2002,
  title={{Diagnosis of multiple cancer types by shrunken centroids of gene expression}},
  author={Tibshirani, R. and Hastie, T. and Narasimhan, B. and Chu, G.},
  journal={Proceedings of the National Academy of Sciences of the United States of America},
  volume={99},
  pages={6567--6572},
  year={2002},
}

@article{AlizadehAl2000,
  title={{Distinct types of diffuse large B-cell lymphoma identified by gene expression profiling}},
  author={Alizadeh, A.A. and Eisen, M.B. and Davis, R.E. and Ma, C. and Lossos, I.S. and Rosenwald, A. and Boldrick, J.C. and Sabet, H. and Tran, T. and Yu, X. and others},
  journal={Nature},
  volume={403},
  pages={503--511},
  year={2000},
}

@article{MadeiraOliveira2004,
  title={{Biclustering algorithms for biological data analysis: a survey}},
  author={Madeira, S.C. and Oliveira, A.L.},
  journal={IEEE Transactions on computational Biology and Bioinformatics},
  pages={24--45},
  year={2004},
}

@conference{ChengChurch2000,
  title={{Biclustering of gene expression data}},
  author={Cheng, Y. and Church, GM},
  booktitle={Proceedings of ISMB},
  pages={93--103},
  year={2000}
}

@article{Slonim2002,
  title={{From patterns to pathways: gene expression data analysis comes of age}},
  author={Slonim, D.K.},
  journal={Nature genetics},
  volume={32},
  pages={502--508},
  year={2002},
}

@incollection{GarrettParmigiani2003,
   AUTHOR = {Garrett, Elizabeth S and Parmigiani, Giovanni},
   BOOKTITLE = {The Analysis of Gene Expression Data},
   TITLE = {{POE}: statistical methods for qualitative analysis of gene expression},
   PUBLISHER = {Springer},
   YEAR = 2003,
   EDITOR = {Parmigiani, Giovanni and Garrett, Elizabeth S and Irizarry, Rafael A and Zeger, Scott L},
   PAGES = {362--387}
}

@article{bioconductor,
  author = {Robert C Gentleman and Vincent
J. Carey and Douglas M. Bates and 
Ben Bolstad and Marcel
Dettling and Sandrine Dudoit and Byron Ellis and
Laurent Gautier
and Yongchao Ge and Jeff Gentry and Kurt Hornik and 
Torsten
Hothorn and Wolfgang Huber and Stefano Iacus and  Rafael
Irizarry
and Friedrich Leisch and Cheng Li and Martin Maechler and Anthony J. Rossini
and Gunther Sawitzki and Colin Smith and Gordon Smyth and Luke Tierney
and Jean Y. H. Yang and  Jianhua Zhang},
  title = {Bioconductor: open software development for computational biology and bioinformatics},
  journal = {Genome Biology},
  volume = {5},
  year = {2004},
  pages = {R80}
}

@article{GolubAl1999,
  author = {Golub, T.R. and Slonim, D.K. and Tamayo, P. and Huard, C. and Gaasenbeek, M. and Mesirov, J.P. and Coller, H. and Loh, M.L. and Downing, J.R. and Caligiuri, M.A. and Bloomfield, C.D. and Lander, E.S.},
  title = {Molecular classification of cancer: class discovery and class prediction by gene expression monitoring},
  journal = {Science},
  volume = {286},
  pages = {531--537},
  year = {1999}
}

@article{DudoitAl2002,
  author = {Dudoit, Sandrine and Fridlyand, Jane and Speed, Terence P},
  title = {Comparison of discrimination methods for the classification of tumors using gene expression data},
  journal = {Journal of the American Statistical Association},
  volume = {97},
  pages = {77--87},
  year = {2002}
}

@article{AzzaliniTorelli2007,
    author = {Azzalini, Adelchi and Torelli, Nicola},
    title = {Clustering via nonparametric density estimation},
    year = {2007},
    journal = {Statistics and Computing},
    volume = {17},
    pages = {71--80},
}

@article{BanfieldRaftery1993,
    author = {Banfield, Jeffrey D. and Raftery, Adrian E.},
    title = {Model-based Gaussian and non-Gaussian clustering},
    year = {1993},
    journal = {Biometrics},
    volume = {49},
    pages = {803--821},
}

@article{LiZha2006,
  title = {Two-way Poisson mixture models for simultaneous document classification and word clustering},
  journal = {Computational Statistics \& Data Analysis},
  volume = {50},
  pages = {163--180},
  year = {2006},
  author = {Jia Li and Hongyuan Zha}
}

@article{FraleyRaftery2002,
    author = {Fraley, Chris and Raftery, Adrian E.},
    title = {Model-based clustering, discriminant analysis, and density estimation},
    year = {2002},
    journal = {Journal of the American Statistical Association},
    volume = {97},
    pages = {611--631},
}

@techreport{FraleyRaftery2006,
    author = {Fraley, Chris and Raftery, Adrian E.},
    title = {{MCLUST} Version 3 for {R}: model mixture modeling and model-based clustering},
    institution = {no. 504, Department of Statistics, Univerisity of Washington},
    year = {2006},
}

@article{McLachlanAl2002,
  author = {McLachlan, G.J. and Bean, R.W. and Peel, D.},
  title = {A mixture model-based approach to the clustering of microarray  expression data},
  journal = {Bioinformatics},
  volume = {18},
  pages = {413--422},
  year = {2002},
}

@phdthesis{Menardi2006,
    author = {Menardi, Giovanna},
    title = {Un metodo di raggruppamento basato sulla stima di densit\`a: alcuni approffondimenti},
    school = {Department of Statistics, Univerisity of Padova},
    year = {2006}
}

@article{BarberAl1996,
    author = {Barber, C. B. and Dobkin, D. P. and Huhdanpaa, H.},
    title = {The Quickhull algorithm for convex hulls},
    year = {2006},
    journal = {{ACM} Transactions of Mathematical Software},
    volume = {22},
    pages = {469--483}
}

@article{BanerjeeAl2005,
    author = {Banerjee, A. and Dhillon, I. S. and Ghosh, J. and Sra, S.},
    title = {Clustering on the unit hypersphere using von Mises-Fisher distributions},
    year = {2005},
    journal = {Journal of Machine Learning Research},
    volume = {6},
    pages = {1345--1382}
}

@article{LiAl2007,
    author = {Li, Jia and Ray, Surajit and Lindsay, Bruce G.},
    title = {A nonparametric statistical approach to clustering via mode identification},
    year = {2007},
    journal = {Journal of Machine Learning Research},
    volume = {8},
    pages = {1687--1723}
}

@book{Hartigan1975,
    author = {Hartigan, John A.},
    title = {Clustering Algorithms},
    year = {1975},
    publisher = {John Wiley \& Sons},
}

@article{FriedmanTukey1974,
 author = {Friedman, J. H. and Tukey, J. W.},
 title = {A projection pursuit algorithm for exploratory data analysis},
 journal = {IEEE Trans. Comput.},
 volume = {23},
 year = {1974},
 pages = {881--890},
 }

@article{Silverman1981,
    author = {Silverman, B. W.},
    title = {Using Kernel Density Estimates to Investigate Multimodality},
    year = {1981},
    journal = {Journal of the Royal Statistical Society, Series B (Methodological)},
    volume = {43},
    pages = {97--99},
}

@article{AlonAl1999,
author = {Alon, U. and Barkai, N. and Notterman, D. A. and Gish, K. and Ybarra, S. and Mack, D. and Levine, A. J.},
title={{Broad patterns of gene expression revealed by clustering analysis of tumor and normal colon tissues probed by oligonucleotide arrays}},
journal = {Proceedings of the National Academy of Sciences of the United States of America},
volume = {96},
pages = {6745--6750},
year = {1999},
}

@article{ChowAl2001,
author = {Chow, M. L. and Moler, E. J. and Mian, I. S.},
title = {{Identifying marker genes in transcription profiling data using a mixture of feature relevance experts}},
journal = {Physiological Genomics},
volume = {5},
pages = {99--111},
year = {2001},
}

@article{GetzAl2000,
author = {Getz, Gad and Levine, Erel and Domany, Eytan},
title={{Coupled two-way clustering analysis of gene microarray data}},
journal = {Proceedings of the National Academy of Sciences of the United States of America},
volume = {97},
pages = {12079--12084},
year = {2000},
}

@article{BolstadAl2003,
author = {Bolstad, B.M. and Irizarry, R.A and Astrand, M. and Speed, T.P.},
title = {{A comparison of normalization methods for high density oligonucleotide array data based on variance and bias}},
journal = {Bioinformatics},
volume = {19},
pages = {185--193},
year = {2003},
}

@article{KendziorskiAl2003,
AUTHOR = {Kendziorski,C. and Newton, M. A. and Lan, H. and Gould,M. N. },
TITLE = {On parametric empirical Bayes methods for comparing multiple groups using replicated gene expression profiles},
JOURNAL = {Statistics in Medicine},
VOLUME = {22},
YEAR = {2003},
PAGES = {3899--3914}
}

@article{ChiognaAl2009,
AUTHOR = {Chiogna, Monica and Massa, Maria Sofia and Risso, Davide and Romualdi, Chiara},
TITLE = {A comparison on effects of normalisations in the detection of differentially expressed genes},
JOURNAL = {BMC Bioinformatics},
VOLUME = {10},
YEAR = {2009},
PAGES = {61},
}

@Manual{R,
  title = {R: A Language and Environment for Statistical Computing},
  author = {{R Core Team}},
  organization = {R Foundation for Statistical Computing},
  address = {Vienna, Austria},
  year = {2016},
  url = {https://www.R-project.org/}
}

@book{DeBergAl2008,
    author = {de Berg, M. and Cheong, O. and van Kreveld, M. and Overmars, M.},
    title = {Computational Geometry: Algorithms and Applications },
    year = {2008},
    publisher = {Springer}
}
@article{KerrAl2008,
title = "Techniques for clustering gene expression data",
journal = "Computers in Biology and Medicine",
volume = "38",
pages = "283--293",
year = "2008",
author = "G. Kerr and H.J. Ruskin and M. Crane and P. Doolan",
}

@article{HastieStuetzle1989,
    author = {Hastie, Trevor and Stuetzle, Werner},
    title = {Principal curves},
    journal = {Journal of the American Statistical Association},
    volume = {84},
    pages = {502--516},
    year = {1989},
}

@article{JohnstoneLu2009,
author = {Johnstone, Iain M. and Lu, Arthur Yu},
title = {On Consistency and Sparsity for Principal Components Analysis in High Dimensions},
journal = {Journal of the American Statistical Association},
volume = {104},
pages = {682--693},
year = {2009},
}


@Article{TritchlerAl2009,
AUTHOR = {Tritchler, David and Parkhomenko, Elena and Beyene, Joseph},
TITLE = {Filtering Genes for Cluster and Network Analysis},
JOURNAL = {BMC Bioinformatics},
VOLUME = {10},
YEAR = {2009},
PAGES = {193},
}

@article{DebinRisso2011,
  title={A novel approach to the clustering of microarray data via nonparametric density estimation},
  author={De Bin, R. and Risso, D.},
  journal={BMC Bioinformatics},
  volume={12},
  pages={49},
  year={2011},
  publisher={BioMed Central Ltd}
}

@article{ScarpaDunson2009,
  title={Bayesian hierarchical functional data analysis via contaminated informative priors},
  author={Scarpa, B. and Dunson, D.B.},
  journal={Biometrics},
  volume={65},
  pages={772--780},
  year={2009},
}

@article{DunsonColombo2003,
  title={Bayesian modeling of markers of day-specific fertility},
  author={Dunson, D.B. and Colombo, B.},
  journal={Journal of the American Statistical Association},
  volume={98},
  pages={28--37},
  year={2003},
}

@phdThesis{Canale2012,
   author  = {Canale, Antonio},
   title   = {Bayesian nonparametric models for count data with applications to customer base management}, 
   school  = {University of Padova},
   year    = {2012},
}

@article{ColomboMasarotto2000,
  title={Daily fecundability: first results from a new data base},
  author={Colombo, B. and Masarotto, G.},
  journal={Demographic Research},
  volume={3},
  pages={5},
  year={2000}
}

@article{CanaleDunson2011,
  title={Bayesian kernel mixtures for counts},
  author={Canale, A. and Dunson, D.B.},
  journal={Journal of the American Statistical Association},
  volume={106},
  pages={1528--1539},
  year={2011},
}

@article{HeroldAl2011,
  title={An eight-gene expression signature for the prediction of survival and time to treatment in chronic lymphocytic leukemia},
  author={Herold, T. and Jurinovic, V. and Metzeler, KH and Boulesteix, Anne-Laure and Bergmann, M. and Seiler, T. and Mulaw, M. and Thoene, S. and Dufour, A. and Pasalic, Z. and others},
  journal={Leukemia},
  volume={25},
  pages={1639--1645},
  year={2011},
}

@article{PencinaAl2008,
  title={Evaluating the added predictive ability of a new marker: from area under the ROC curve to reclassification and beyond},
  author={Pencina, M.J. and D'Agostino Sr, R.B. and D'Agostino Jr, R.B. and Vasan, R.S.},
  journal={Statistics in Medicine},
  volume={27},
  pages={157--172},
  year={2008},
}

@article{BoulesteixSauerbrei2011,
  title={Added predictive value of high-throughput molecular data to clinical data and its validation},
  author={Boulesteix, A.~L. and Sauerbrei, W.},
  journal={Briefings in Bioinformatics},
  volume={12},
  pages={215--229},
  year={2011},
}

@article{Sauerbrei1999,
  title={The use of resampling methods to simplify regression models in medical statistics},
  author={Sauerbrei, W.},
  journal={Journal of the Royal Statistical Society: Series C (Applied Statistics)},
  volume={48},
  pages={313--329},
  year={1999},
}

@article{BaekAl2009,
  title={Development of biomarker classifiers from high-dimensional data},
  author={Baek, S. and Tsai, C.A. and Chen, J.J.},
  journal={Briefings in Bioinformatics},
  volume={10},
  pages={537--546},
  year={2009},
}

@article{YuLiu2004,
  title={Efficient feature selection via analysis of relevance and redundancy},
  author={Yu, L. and Liu, H.},
  journal={The Journal of Machine Learning Research},
  volume={5},
  pages={1205--1224},
  year={2004},
}

@article{LiuAl2005,
  title={An entropy-based gene selection method for cancer classification using microarray data},
  author={Liu, X. and Krishnan, A. and Mondry, A.},
  journal={BMC Bioinformatics},
  volume={6},
  pages={76},
  year={2005},
}

@article{PengAl2005,
  title={Feature selection based on mutual information criteria of max-dependency, max-relevance, and min-redundancy},
  author={Peng, H. and Long, F. and Ding, C.},
  journal={Pattern Analysis and Machine Intelligence, IEEE Transactions on},
  volume={27},
  pages={1226--1238},
  year={2005},
  publisher={IEEE}
}

@article{Bahadur1964,
  title={On {F}isher's bound for asymptotic variances},
  author={Bahadur, RR},
  journal={Annals of Mathematical Statistics},
  volume={35},
  pages={1545--1552},
  year={1964}
}

@book{AbramowitzStegun1964,
  title={Handbook of Mathematical Functions with Formulas, Graphs, and Mathematical Tables},
  author={Abramowitz, M. and Stegun, I.A.},
  year={1964},
  publisher={Dover Publications, New York}
}

@article{Davison1988,
	title={Approximate conditional inference in generalized linear models},
	author={Davison, A.C.},
	journal={Journal of the Royal Statistical Society. Series B (Methodological)},
	volume ={50},
	pages={445--461},
	year={1988},
}

@article{BoevelstadAl2009,
  title={Survival prediction from clinico-genomic models - a comparative study},
  author={B{\o}velstad, H.M. and Nyg{\aa}rd, S. and Borgan, {\O}.},
  journal={BMC Bioinformatics},
  volume={10},
  pages={413},
  year={2009},
}

@article{BoulesteixHothorn2010,
	author = {Boulesteix, Anne-Laure and Hothorn, Torsten},
	title = {Testing the additional predictive value of high-dimensional molecular data},
	journal = {BMC Bioinformatics},
	pages = {78},
	volume = {11},
	year = {2010}
}

@article{ZouHastie2005,
  title={Regularization and variable selection via the elastic net},
  author={Zou, H. and Hastie, T.},
  journal={Journal of the Royal Statistical Society: Series B (Methodological)},
  volume={67},
  pages={301--320},
  year={2005},
}

@article{Tibshirani1996,
  title={Regression shrinkage and selection via the lasso},
  author={Tibshirani, R.},
  journal={Journal of the Royal Statistical Society. Series B (Methodological)},
  volume={58},
  pages={267--288},
  year={1996},
}

@article{TutzBinder2007,
  title={Boosting ridge regression},
  author={Tutz, G. and Binder, H.},
  journal={Computational Statistics \& Data Analysis},
  volume={51},
  pages={6044--6059},
  year={2007},
}

@article{BuehlmannHothorn2007,
  title={Boosting algorithms: regularization, prediction and model fitting},
  author={B{\"u}hlmann, P. and Hothorn, T.},
  journal={Statistical Science},
  volume={22},
  pages={477--505},
  year={2007},
}

@article{BinderSchumacher2008,
  title={Allowing for mandatory covariates in boosting estimation of sparse high-dimensional survival models},
  author={Binder, H. and Schumacher, M.},
  journal={BMC Bioinformatics},
  volume={9},
  pages={14},
  year={2008},
}

@article{TutzBinder2006,
  title={Generalized Additive Modeling with Implicit Variable Selection by Likelihood-Based Boosting},
  author={Tutz, G. and Binder, H.},
  journal={Biometrics},
  volume={62},
  pages={961--971},
  year={2006},
}

@article{DettlingBuhlmann2003,
  title={Boosting for tumor classification with gene expression data},
  author={Dettling, M. and B{\"u}hlmann, P.},
  journal={Bioinformatics},
  volume={19},
  pages={1061--1069},
  year={2003},
}

@article{BraganetoDougherty2004,
  title={Is cross-validation valid for small-sample microarray classification?},
  author={Braga-Neto, U.M. and Dougherty, E.R.},
  journal={Bioinformatics},
  volume={20},
  pages={374--380},
  year={2004},
}

@article{GrafAl1999,
  title={Assessment and comparison of prognostic classification schemes for survival data},
  author={Graf, E. and Schmoor, C. and Sauerbrei, W. and Schumacher, M.},
  journal={Statistics in Medicine},
  volume={18},
  pages={2529--2545},
  year={1999},
}

@inproceedings{FreundSchapire1996,
  title={Experiments with a new boosting algorithm},
  author={Freund, Y. and Schapire, R.E.},
  booktitle={Proceedings of the 13th International Conference on Machine Learning},
  pages={148--156},
  year={1996},
  organization={Morgan Kaufmann Publishers Inc.}
}

@article{MukherjeeAl2003,
  title={Gene ranking using bootstrapped p-values},
  author={Mukherjee, SN and Roberts, SJ and Sykacek, P. and Gurr, SJ},
  journal={ACM SIGKDD Explorations Newsletter},
  volume={5},
  pages={16--22},
  year={2003}
}

@article{MillerAl2005,
  title={An expression signature for p53 status in human breast cancer predicts mutation status, transcriptional effects, and patient survival},
  author={Miller, L.D. and Smeds, J. and George, J. and Vega, V.B. and Vergara, L. and Ploner, A. and Pawitan, Y. and Hall, P. and Klaar, S. and Liu, E.T. and others},
  journal={Proceedings of the National Academy of Sciences of the United States of America},
  volume={102},
  pages={13550--13555},
  year={2005},
}

@article{ElstonEllis1991,
  title={Pathological prognostic factors in breast cancer. I. The value of histological grade in breast cancer: experience from a large study with long-term follow-up},
  author={Elston, CW and Ellis, IO},
  journal={Histopathology},
  volume={19},
  pages={403--410},
  year={1991},
}

@article {GaleaAl1992,
   author = {Galea, Marcus and Blamey, Roger and Elston, Christopher and Ellis, Ian},
   title = {The Nottingham prognostic index in primary breast cancer},
   journal = {Breast Cancer Research and Treatment},
   pages = {207--219},
   volume = {22},
   year = {1992}
}

@article{VandewielAl2009,
  title={Testing the prediction error difference between 2 predictors},
  author={Van De Wiel, M.A. and Berkhof, J. and Van Wieringen, W.N.},
  journal={Biostatistics},
  volume={10},
  pages={550--560},
  year={2009},
}

@book{Lehmann1975,
  title={L.(1975). Nonparametrics: Statistical Methods Based on Ranks},
  author={Lehmann, E.},
  year={1975},
  publisher={Holden-Day, San Francisco}
}

@article{RoystonAl2005,
  title={Dichotomizing continuous predictors in multiple regression: a bad idea},
  author={Royston, P. and Altman, D.G. and Sauerbrei, W.},
  journal={Statistics in Medicine},
  volume={25},
  pages={127--141},
  year={2005},
}

@article{HothornAl2004,
  title={Bagging survival trees},
  author={Hothorn, T. and Lausen, B. and Benner, A. and Radespiel-Tr{\"o}ger, M.},
  journal={Statistics in Medicine},
  volume={23},
  pages={77--91},
  year={2004},
}

@article{Cox1972,
  title={Regression models and life-tables},
  author={Cox, D.R.},
  journal={Journal of the Royal Statistical Society. Series B (Methodological)},
  volume={34},
  pages={187--220},
  year={1972},
}

@article{RoystonSauerbrei2004,
  title={A new measure of prognostic separation in survival data},
  author={Royston, P. and Sauerbrei, W.},
  journal={Statistics in Medicine},
  volume={23},
  pages={723--748},
  year={2004}
}

@article{HatzisAl2011,
  title={A genomic predictor of response and survival following taxane-anthracycline chemotherapy for invasive breast cancer},
  author={Hatzis, Christos and Pusztai, Lajos and Valero, Vicente and Booser, Daniel J and Esserman, Laura and Lluch, Ana and Vidaurre, Tatiana and Holmes, Frankie and Souchon, Eduardo and Wang, Hongkun and others},
  journal={Journal of the American Medical Association},
  volume={305},
  pages={1873--1881},
  year={2011}
}

@article{HothornAl2010,
  title={Model-based boosting 2.0},
  author={Hothorn, Torsten and B{\"u}hlmann, Peter and Kneib, Thomas and Schmid, Matthias and Hofner, Benjamin},
  journal={The Journal of Machine Learning Research},
  volume={11},
  pages={2109--2113},
  year={2010},
}

@article{PencinaDagostino2004,
  title={Overall C as a measure of discrimination in survival analysis: model specific population value and confidence interval estimation},
  author={Pencina, Michael J and D'Agostino, Ralph B},
  journal={Statistics in Medicine},
  volume={23},
  pages={2109--2123},
  year={2004},
}

@article{BenjaminiYekutieli2001,
  title={The control of the false discovery rate in multiple testing under dependency},
  author={Benjamini, Yoav and Yekutieli, Daniel},
  journal={The Annals of Statistics},
  volume={29},
  pages={1165--1188},
  year={2001},
}

@article{KornSimon1990,
  title={Measures of explained variation for survival data.},
  author={Korn, EL and Simon, R},
  journal={Statistics in Medicine},
  volume={9},
  pages={487},
  year={1990}
}

@book{Harrell2001,
  title={Regression modeling strategies: with applications to linear models, logistic regression, and survival analysis},
  author={Harrell, Frank E},
  year={2001},
  publisher={Springer},
  address={New York}
}

@article{Brier1950,
  title={Verification of forecasts expressed in terms of probability},
  author={Brier, Glenn W},
  journal={Monthly Weather Review},
  volume={78},
  pages={1--3},
  year={1950}
}

@article{SchumacherAl2007,
  title={Assessment of survival prediction models based on microarray data},
  author={Schumacher, Martin and Binder, Harald and Gerds, Thomas},
  journal={Bioinformatics},
  volume={23},
  pages={1768--1774},
  year={2007}
}

@article{BairTibshirani2004,
  title={Semi-supervised methods to predict patient survival from gene expression data},
  author={Bair, Eric and Tibshirani, Robert},
  journal={PLoS Biology},
  volume={2},
  pages={e108},
  year={2004}
}

@article{MetzelerAl2008,
  title={An 86-probe-set gene-expression signature predicts survival in cytogenetically normal acute myeloid leukemia},
  author={Metzeler, Klaus H and Hummel, Manuela and Bloomfield, Clara D and Spiekermann, Karsten and Braess, Jan and Sauerland, Maria-Cristina and Heinecke, Achim and Radmacher, Michael and Marcucci, Guido and Whitman, Susan P and others},
  journal={Blood},
  volume={112},
  pages={4193--4201},
  year={2008}
}

@article{BinderAl2011,
  title={An overview of techniques for linking high-dimensional molecular data to time-to-event endpoints by risk prediction models},
  author={Binder, Harald and Porzelius, Christine and Schumacher, Martin},
  journal={Biometrical Journal},
  volume={53},
  pages={170--189},
  year={2011}
}

@article{HothornAl2006,
  title={Survival ensembles},
  author={Hothorn, Torsten and B{\"u}hlmann, Peter and Dudoit, Sandrine and Molinaro, Annette and Van Der Laan, Mark J},
  journal={Biostatistics},
  volume={7},
  pages={355--373},
  year={2006}
}

@article{Buehlmann2006,
  title={Boosting for high-dimensional linear models},
  author={B{\"u}hlmann, Peter},
  journal={The Annals of Statistics},
  volume={34},
  pages={559--583},
  year={2006}
}

@article{Tibshirani1997,
  title={The lasso method for variable selection in the {C}ox model},
  author={Tibshirani, Robert},
  journal={Statistics in Medicine},
  volume={16},
  pages={385--395},
  year={1997}
}

@article{SteyerbergAl2010,
  title={Assessing the performance of prediction models: a framework for some traditional and novel measures},
  author={Steyerberg, Ewout W and Vickers, Andrew J and Cook, Nancy R and Gerds, Thomas and Gonen, Mithat and Obuchowski, Nancy and Pencina, Michael J and Kattan, Michael W},
  journal={Epidemiology},
  volume={21},
  pages={128},
  year={2010}
}

@article{HarrellAl1996,
  title={Tutorial in biostatistics multivariable prognostic models: issues in developing models, evaluating assumptions and adequacy, and measuring and reducing errors},
  author={Harrell, FE and Lee, Kerry L and Mark, Daniel B},
  journal={Statistics in Medicine},
  volume={15},
  pages={361--387},
  year={1996}
}

@article{YuanLin2006,
  title={Model selection and estimation in regression with grouped variables},
  author={Yuan, Ming and Lin, Yi},
  journal={Journal of the Royal Statistical Society: Series B (Methodological)},
  volume={68},
  pages={49--67},
  year={2006}
}

@article{KimAl2006,
  title={Blockwise sparse regression},
  author={Kim, Yuwon and Kim, Jinseog and Kim, Yongdai},
  journal={Statistica Sinica},
  volume={16},
  pages={375},
  year={2006}
}

@article{HessAl2011,
  title={Lack of sufficiently strong informative features limits the potential of gene expression analysis as predictive tool for many clinical classification problems},
  author={Hess, Kenneth and Wei, Caimiao and Qi, Yuan and Iwamoto, Takayuki and Symmans, W Fraser and Pusztai, Lajos},
  journal={BMC Bioinformatics},
  volume={12},
  pages={463},
  year={2011}
 }

@article{FriedmanAl2010,
  title={Regularization paths for generalized linear models via coordinate descent},
  author={Friedman, Jerome and Hastie, Trevor and Tibshirani, Rob},
  journal={Journal of Statistical Software},
  volume={33},
  pages={1},
  year={2010}
}

@article{BinderSchumacher2008b,
  title={Adapting prediction error estimates for biased complexity selection in high-dimensional bootstrap samples},
  author={Binder, Harald and Schumacher, Martin},
  journal={Statistical Applications in Genetics and Molecular Biology},
  volume={7},
  pages={12},
  year={2008}
}

@inproceedings{OelkerBoulesteix2012,
  title={On the Simultaneous Analysis of Clinical and Omics Data-a Comparison of Globalboosttest and Pre-validation Techniques},
  booktitle={Proceedings of the CLADAG 2011 Conference},
  author={Oelker, Margret-Ruth and Boulesteix, Anne-Laure},
  year={2012}
}

@article{Ioannidis2010,
  title={Expectations, validity, and reality in omics},
  author={Ioannidis, John P. A.},
  journal={Journal of Clinical Epidemiology},
  volume={63},
  pages={945--949},
  year={2010}
}

@book{RoystonSauerbrei2008,
  title={Multivariable Model-building: a pragmatic approach to regression anaylsis based on fractional polynomials for modelling continuous variables},
  author={Royston, Patrick and Sauerbrei, Willi},
  year={2008},
  publisher={Wiley, Chichester}
}

@article{Goeman2010l1,
  title={L1 penalized estimation in the {C}ox proportional hazards model},
  author={Goeman, Jelle J},
  journal={Biometrical Journal},
  volume={52},
  pages={70--84},
  year={2010}
}

@article{WittenTibshirani2010,
  title={Survival analysis with high-dimensional covariates},
  author={Witten, Daniela M and Tibshirani, Robert},
  journal={Statistical Methods in Medical Research},
  volume={19},
  pages={29--51},
  year={2010}
}

@article{Zou2006,
  title={The adaptive lasso and its oracle properties},
  author={Zou, Hui},
  journal={Journal of the American Statistical Association},
  volume={101},
  pages={1418--1429},
  year={2006}
}

@article{ZhangLu2007,
  title={Adaptive Lasso for {C}ox's proportional hazards model},
  author={Zhang, Hao Helen and Lu, Wenbin},
  journal={Biometrika},
  volume={94},
  pages={691--703},
  year={2007}
}

@Manual{R14,
    title = {R: A Language and Environment for Statistical Computing},
    author = {{R Development Core Team}},
    organization = {R Foundation for Statistical Computing},
    address = {Vienna, Austria},
    year = {2012}
  }

@article{HudisAl2007,
  title={Proposal for standardized definitions for efficacy end points in adjuvant breast cancer trials: the STEEP system},
  author={Hudis, Clifford A and Barlow, William E and Costantino, Joseph P and Gray, Robert J and Pritchard, Kathleen I and Chapman, Judith-Anne W and Sparano, Joseph A and Hunsberger, Sally and Enos, Rebecca A and Gelber, Richard D and others},
  journal={Journal of Clinical Oncology},
  volume={25},
  pages={2127--2132},
  year={2007}
}

@book{Wood1994,
  title={Dynamics of human reproduction: biology, biometry, demography},
  author={Wood, James W},
  year={1994},
  publisher={Aldine de Gruyter, New York}
}

@article{ColomboAl2006,
  title={Cervical mucus symptom and daily fecundability: first results from a new database},
  author={Colombo, B. and Mion, A. and Passarin, K. and Scarpa, B.},
  journal={Statistical Methods in Medical Research},
  volume={15},
  pages={161--180},
  year={2006}
}

@article{BigelowAl2004,
  title={Mucus observations in the fertile window: a better predictor of conception than timing of intercourse},
  author={Bigelow, J.L. and Dunson, D.B. and Stanford, J.B. and Ecochard, R. and Gnoth, C. and Colombo, B.},
  journal={Human Reproduction},
  volume={19},
  pages={889--892},
  year={2004}
}

@article{ScarpaAl2006,
  title={Cervical mucus secretions on the day of intercourse: an accurate marker of highly fertile days},
  author={Scarpa, B. and Dunson, D.B. and Colombo, B.},
  journal={European Journal of Obstetrics Gynecology and Reproductive Biology},
  volume={125},
  pages={72--78},
  year={2006}
}

@article{Dunson2010,
  title={Nonparametric Bayes applications to biostatistics},
  author={Dunson, D.B.},
  journal={Bayesian Nonparametrics},
  pages={223--273},
  year={2010}
}

@article{BigelowDunson2007,
  title={Bayesian adaptive regression splines for hierarchical data},
  author={Bigelow, J.L. and Dunson, D.B.},
  journal={Biometrics},
  volume={63},
  pages={724--732},
  year={2007},
}

@article{ThompsonRosen2007,
  title={A Bayesian model for sparse functional data},
  author={Thompson, W.K. and Rosen, O.},
  journal={Biometrics},
  volume={64},
  pages={54--63},
  year={2007},
}

@article{DunsonAl2001,
  title={Assessing human fertility using several markers of ovulation},
  author={Dunson, DB and Weinberg, CR and Baird, DD and Kesner, JS and Wilcox, AJ},
  journal={Statistics in Medicine},
  volume={20},
  pages={965--978},
  year={2001}
}

@article{JullionLambert2007,
  title={Robust specification of the roughness penalty prior distribution in spatially adaptive Bayesian P-splines models},
  author={Jullion, Astrid and Lambert, Philippe},
  journal={Computational Statistics \& Data Analysis},
  volume={51},
  pages={2542--2558},
  year={2007}
}

@article{IshwaranJames2001,
  title={Gibbs sampling methods for stick-breaking priors},
  author={Ishwaran, Hemant and James, Lancelot F},
  journal={Journal of the American Statistical Association},
  volume={96},
  pages={161--173},
  year={2001}
}

@article{EscobarWest1995,
  title={Bayesian density estimation and inference using mixtures},
  author={Escobar, Michael D and West, Mike},
  journal={Journal of the American Statistical Association},
  volume={90},
  pages={577--588},
  year={1995}
}

@article{GuidaAl1999,
  title={Efficacy of methods for determining ovulation in a natural family planning program},
  author={Guida, Maurizio and Tommaselli, Giovanni A and Palomba, Stefano and Pellicano, Massimiliano and Moccia, Gianfranco and Di Carlo, Costantino and Nappi, Carmine},
  journal={Fertility and Sterility},
  volume={72},
  pages={900--904},
  year={1999}
}

@article{EcochardAl2001,
  title={Chronological aspects of ultrasonic, hormonal, and other indirect indices of ovulation},
  author={Ecochard, Ren{\'e} and Boehringer, Hans and Rabilloud, Muriel and Marret, Henri},
  journal={BJOG: An International Journal of Obstetrics \& Gynaecology},
  volume={108},
  pages={822--829},
  year={2001}
}

@book{TherneauGrambsch2000,
  title = {Modeling Survival Data: Extending the {C}ox Model},
  author = {Terry M. Therneau and Patricia M. Grambsch},
  year = {2000},
  publisher = {Springer},
  address = {New York},
}

@article{MogensenAl2012,
    title = {Evaluating random forests for survival analysis using prediction error curves},
    author = {Ulla B. Mogensen and Hemant Ishwaran and Thomas A. Gerds},
    journal = {Journal of Statistical Software},
    year = {2012},
    volume = {50},
    pages = {1--23}
}

@article{MichielsAl2005,
  title={Prediction of cancer outcome with microarrays: a multiple random validation strategy},
  author={Michiels, Stefan and Koscielny, Serge and Hill, Catherine},
  journal={The Lancet},
  volume={365},
  pages={488--492},
  year={2005}
}

@article{DobbinAl2005,
  title={Interlaboratory comparability study of cancer gene expression analysis using oligonucleotide microarrays},
  author={Dobbin, Kevin K and Beer, David G and Meyerson, Matthew and Yeatman, Timothy J and Gerald, William L and Jacobson, James W and Conley, Barbara and Buetow, Kenneth H and Heiskanen, Mervi and Simon, Richard M and others},
  journal={Clinical Cancer Research},
  volume={11},
  pages={565--572},
  year={2005}
}

@article{VanhouwelingenAl2006,
  title={Cross-validated {C}ox regression on microarray gene expression data},
  author={van Houwelingen, Hans C and Bruinsma, Tako and Hart, Augustinus AM and van't Veer, Laura J and Wessels, Lodewyk FA},
  journal={Statistics in Medicine},
  volume={25},
  pages={3201--3216},
  year={2006}
}

@article{NevinsAl2003,
  title={Towards integrated clinico-genomic models for personalized medicine: combining gene expression signatures and clinical factors in breast cancer outcomes prediction},
  author={Nevins, Joseph R and Huang, Erich S and Dressman, Holly and Pittman, Jennifer and Huang, Andrew T and West, Mike},
  journal={Human Molecular Genetics},
  volume={12},
  pages={R153--R157},
  year={2003}
}

@article{StephensonAl2005,
  title={Integration of gene expression profiling and clinical variables to predict prostate carcinoma recurrence after radical prostatectomy},
  author={Stephenson, Andrew J and Smith, Alex and Kattan, Michael W and Satagopan, Jaya and Reuter, Victor E and Scardino, Peter T and Gerald, William L},
  journal={Cancer},
  volume={104},
  pages={290--298},
  year={2005}
}

@article{ObulkasimAl2011,
  title={Stepwise classification of cancer samples using clinical and molecular data},
  author={Obulkasim, Askar and Meijer, Gerrit and van de Wiel, Mark},
  journal={BMC Bioinformatics},
  volume={12},
  pages={422},
  year={2011}
}

@article{IdekerAl2011,
  title={Boosting signal-to-noise in complex biology: prior knowledge is power},
  author={Ideker, Trey and Dutkowski, Janusz and Hood, Leroy},
  journal={Cell},
  volume={144},
  pages={860--863},
  year={2011}
}

@article{SauerbreiSchumacher1992,
  title={A bootstrap resampling procedure for model building: application to the {C}ox regression model},
  author={Sauerbrei, Willi and Schumacher, Martin},
  journal={Statistics in Medicine},
  volume={11},
  pages={2093--2109},
  year={1992}
}

@article{MartinezAl2011,
  title={Empirical performance of cross-validation with oracle methods in a genomics context},
  author={Martinez, Josue G and Carroll, Raymond J and M{\"u}ller, Samuel and Sampson, Joshua N and Chatterjee, Nilanjan},
  journal={The American Statistician},
  volume={65},
  pages={223--228},
  year={2011}
}

@incollection{BoulesteixAl2013,
  title={Complexity selection with cross-validation for lasso and sparse partial least squares using high-dimensional data},
  author={Boulesteix, Anne-Laure and Richter, Adrian and Bernau, Christoph},
  booktitle={Algorithms from and for Nature and Life},
  pages={261--268},
  year={2013},
  publisher={Springer}
}

@article{PepeAl2004,
  title={Limitations of the odds ratio in gauging the performance of a diagnostic, prognostic, or screening marker},
  author={Pepe, Margaret Sullivan and Janes, Holly and Longton, Gary and Leisenring, Wendy and Newcomb, Polly},
  journal={American Journal of Epidemiology},
  volume={159},
  pages={882--890},
  year={2004}
}

@article{CastaldiAl2011,
  title={An empirical assessment of validation practices for molecular classifiers},
  author={Castaldi, Peter J and Dahabreh, Issa J and Ioannidis, John PA},
  journal={Briefings in Bioinformatics},
  volume={12},
  pages={189--202},
  year={2011}
}

@article{BoulesteixStrobl2009,
  title={Optimal classifier selection and negative bias in error rate estimation: an empirical study on high-dimensional prediction},
  author={Boulesteix, Anne-Laure and Strobl, Carolin},
  journal={BMC Medical Research Methodology},
  volume={9},
  pages={85},
  year={2009}
}

@article{GoenenHeller2005,
  title={Concordance probability and discriminatory power in proportional hazards regression},
  author={G{\"o}nen, Mithat and Heller, Glenn},
  journal={Biometrika},
  volume={92},
  pages={965--970},
  year={2005}
}

@article{RoystonAltman2013,
  title={External validation of a {C}ox prognostic model: principles and methods},
  author={Royston, Patrick and Altman, Douglas G},
  journal={BMC Medical Research Methodology},
  volume={13},
  pages={33},
  year={2013}
}

@article{GerdsSchumacher2007,
  title={Efron-type measures of prediction error for survival analysis},
  author={Gerds, Thomas A and Schumacher, Martin},
  journal={Biometrics},
  volume={63},
  pages={1283--1287},
  year={2007}
}

@article{HanelyMcneil1982,
  title={The meaning and use of the area under a receiver operating characteristic (ROC) curve},
  author={Hanely, JA and McNeil, BJ},
  journal={Radiology},
  volume={143},
  pages={29--36},
  year={1982}
}

@article{Bahadur1964,
  title={On Fisher's bound for asymptotic variances},
  author={Bahadur, RR},
  journal={Annals of Mathematical Statistics},
  volume={35},
  pages={1545--1552},
  year={1964}
}

@article{PepeAl2013,
  title={Testing for improvement in prediction model performance},
  author={Pepe, Margaret Sullivan and Kerr, Kathleen F and Longton, Gary and Wang, Zheyu},
  journal={Statistics in Medicine},
  volume={32},
  pages={1467--1482},
  year={2013},
}

@article{Cox1958,
  title={Two further applications of a model for binary regression},
  author={Cox, David R},
  journal={Biometrika},
  volume={45},
  pages={562--565},
  year={1958}
}

@article{GamezpozoAl2012,
  title={Micro{RNA} expression profiling of peripheral blood samples predicts resistance to first-line sunitinib in advanced renal cell carcinoma patients},
  author={G{\'a}mez-Pozo, Angelo and Ant{\'o}n-Aparicio, Luis M and Bayona, Cristina and Borrega, Pablo and Sancho, Mar{\'\i}a I Gallegos and Garc{\'\i}a-Dom{\'\i}nguez, Roc{\'\i}o and de Portugal, Teresa and Ramos-V{\'a}zquez, Manuel and P{\'e}rez-Carri{\'o}n, Ram{\'o}n and Bol{\'o}s, Mar{\'\i}a V and others},
  journal={Neoplasia},
  volume={14},
  pages={1144--1152},
  year={2012}
}

@article{HuangAl2012,
  title={Identification of cancer genomic markers via integrative sparse boosting},
  author={Huang, Yuan and Huang, Jian and Shia, Ben-Chang and Ma, Shuangge},
  journal={Biostatistics},
  volume={13},
  pages={509--522},
  year={2012}
}

@article{Breiman1998,
  title={Arcing classifier},
  author={Breiman, Leo},
  journal={The Annals of Statistics},
  volume={26},
  pages={801--849},
  year={1998}
}

@article{FriedmanAl2000,
  title={Additive logistic regression: a statistical view of boosting},
  author={Friedman, Jerome and Hastie, Trevor and Tibshirani, Robert},
  journal={The Annals of Statistics},
  volume={28},
  pages={337--407},
  year={2000}
}

@article{Ridgeway1999,
  title={The state of boosting},
  author={Ridgeway, Greg},
  journal={Computing Science and Statistics},
  pages={172--181},
  year={1999}
}

@article{RosenwaldAl2002,
  title={The use of molecular profiling to predict survival after chemotherapy for diffuse large-B-cell lymphoma},
  author={Rosenwald, Andreas and Wright, George and Chan, Wing C and Connors, Joseph M and Campo, Elias and Fisher, Richard I and Gascoyne, Randy D and Muller-Hermelink, H Konrad and Smeland, Erlend B and Giltnane, Jena M and others},
  journal={New England Journal of Medicine},
  volume={346},
  pages={1937--1947},
  year={2002}
}

@article{GerdsSchumacher2006,
  title={Consistent estimation of the expected Brier score in general survival models with right-censored event times},
  author={Gerds, Thomas A and Schumacher, Martin},
  journal={Biometrical Journal},
  volume={48},
  pages={1029--1040},
  year={2006}
}

@article{VerweijVanhouwelingen1993,
  title={Cross-validation in survival analysis},
  author={Verweij, Pierre JM and Van Houwelingen, Hans C},
  journal={Statistics in Medicine},
  volume={12},
  pages={2305--2314},
  year={1993}
}

@article{HofnerAl2014,
  title={Model-based boosting in {R}: a hands-on tutorial using the {R} package mboost},
  author={Hofner, Benjamin and Mayr, Andreas and Robinzonov, Nikolay and Schmid, Matthias},
  journal={Computational Statistics},
  pages={3--35},
  volume={29},
  year={2014}
}

@Manual{Binder2013,
    title = {CoxBoost: {C}ox models by likelihood based boosting for a single survival endpoint or competing risks},
    author = {Harald Binder},
    year = {2013},
    note = {{R} package version 1.4},
    url = {http://CRAN.R-project.org/package=CoxBoost}
}

@Manual{HothornAl2014,
    title = {mboost: Model-Based Boosting},
    author = {Hothorn, T. and Buehlmann, P. and Kneib, T. and Schmid, M. and Hofner, B.},
    year = {2014},
    note = {{R} package version 2.4-0},
    url = {http://CRAN.R-project.org/package=mboost}
}

@article{HothornBuehlmann2006,
  title={Model-based boosting in high dimensions},
  author={Hothorn, Torsten and B{\"u}hlmann, Peter},
  journal={Bioinformatics},
  volume={22},
  pages={2828--2829},
  year={2006}
}

@article{BuehlmannYu2003,
  title={Boosting with the {L}$_2$ loss: regression and classification},
  author={B{\"u}hlmann, Peter and Yu, Bin},
  journal={Journal of the American Statistical Association},
  volume={98},
  pages={324--339},
  year={2003},
  publisher={Taylor \& Francis}
}

@article{Friedman2001,
  title={Greedy function approximation: a gradient boosting machine},
  author={Friedman, Jerome H},
  journal={The Annals of Statistics},
  pages={1189--1232},
  year={2001},
  volume={29}
}

@article{OberthuerAl2008,
  title={Subclassification and individual survival time prediction from gene expression data of neuroblastoma patients by using CASPAR},
  author={Oberthuer, Andr{\'e} and Kaderali, Lars and Kahlert, Yvonne and Hero, Barbara and Westermann, Frank and Berthold, Frank and Brors, Benedikt and Eils, Roland and Fischer, Matthias},
  journal={Clinical Cancer Research},
  volume={14},
  pages={6590--6601},
  year={2008}
}


@phdthesis{Ridgeway1999Thesis,
	author={Ridgeway, G.},
	title={Generalization of boosting algorithms and applications of {B}ayesian inference for massive datasets},
	school={University of Washington},
	year={1999}
}

@article{EfronAl2004,
  title={Least angle regression},
  author={Efron, Bradley and Hastie, Trevor and Johnstone, Iain and Tibshirani, Robert},
  journal={The Annals of Statistics},
  volume={32},
  pages={407--499},
  year={2004}
}

@book{HastieAl2001,
  title={The Elements of Statistical Learning: Data Mining, Inference and Prediction},
  author={Hastie, Trevor and Tibshirani, Robert and Friedman, Jerome},
  year={2001},
  publisher={Springer, New York}
}

@article{MayrAl2012,
  title={The importance of knowing when to stop. {A} sequential stopping rule for component-wise gradient boosting.},
  author={Mayr, Andreas and Hofner, Benjamin and Schmid, Matthias},
  journal={Methods of Information in Medicine},
  volume={51},
  pages={178--186},
  year={2012}
}

@article{ChangAl2010,
  title={Early stopping in $L_2$Boosting},
  author={Chang, Yuan-Chin Ivan and Huang, Yufen and Huang, Yu-Pai},
  journal={Computational Statistics \& Data Analysis},
  volume={54},
  pages={2203--2213},
  year={2010}
}

@article{LeebPoetscher2005,
  title={Model selection and inference: Facts and fiction},
  author={Leeb, Hannes and P{\"o}tscher, Benedikt M},
  journal={Econometric Theory},
  volume={21},
  pages={21--59},
  year={2005}
}

@techreport{BoulesteixAl2013b,
    author={Boulesteix, Anne-Laure and Hable, Robert and Lauer, Sabine and Eugster, Manuel},
    title={A Statistical Framework for Hypothesis Testing in Real Data Comparison Studies},
    institution={University of Munich},
    year={2013}
}

@article{Ioannidis2005,
  title={Microarrays and molecular research: noise discovery?},
  author={John PA Ioannidis},
  journal={The Lancet},
  volume={365},
  pages={454--455},
  year={2005}
}

@article{SauerbreiAl1999,
  title={Modelling the effects of standard prognostic factors in node-positive breast cancer},
  author={Sauerbrei, W and Royston, P and Bojar, H and Schmoor, C and Schumacher, M},
  journal={British Journal of Cancer},
  volume={79},
  pages={1752},
  year={1999}
}

@article{HothornLausen2005,
  title={Bundling classifiers by bagging trees},
  author={Hothorn, Torsten and Lausen, Berthold},
  journal={Computational Statistics \& Data Analysis},
  volume={49},
  pages={1068--1078},
  year={2005}
}

@article{IshwaranAl2008,
  title={Random survival forests},
  author={Ishwaran, Hemant and Kogalur, Udaya B and Blackstone, Eugene H and Lauer, Michael S},
  journal={The Annals of Applied Statistics},
  volume={2},
  pages={841--860},
  year={2008}
}

@article{SchmidHothorn2008,
  title={Flexible boosting of accelerated failure time models},
  author={Schmid, Matthias and Hothorn, Torsten},
  journal={BMC Bioinformatics},
  volume={9},
  pages={269},
  year={2008}
}

@article{AbruzzoAl2005,
  title={Validation of oligonucleotide microarray data using microfluidic low-density arrays: a new statistical method to normalize real-time {RT-PCR} data},
  author={Abruzzo, Lynne V and Lee, Kathleen Y and Fuller, Alexandra and Silverman, Alan and Keating, Michael J and Medeiros, L Jeffrey and Coombes, Kevin R},
  journal={Biotechniques},
  volume={38},
  pages={785--792},
  year={2005}
}

@article{Boulesteix2013,
  title={On representative and illustrative comparisons with real data in bioinformatics: response to the letter to the editor by {Smith} et al.},
  author={Boulesteix, Anne-Laure},
  journal={Bioinformatics},
  volume={29},
  pages={2664--2666},
  year={2013}
}

@article{DoehnerAl2000,
  title={Genomic aberrations and survival in chronic lymphocytic leukemia},
  author={D{\"o}hner, Hartmut and Stilgenbauer, Stephan and Benner, Axel and Leupolt, Elke and Kr{\"o}ber, Alexander and Bullinger, Lars and D{\"o}hner, Konstanze and Bentz, Martin and Lichter, Peter},
  journal={New England Journal of Medicine},
  volume={343},
  pages={1910--1916},
  year={2000}
}

@article{SauerbreiAl2011,
  title={Stability investigations of multivariable regression models derived from low-and high-dimensional data},
  author={Sauerbrei, Willi and Boulesteix, Anne-Laure and Binder, Harald},
  journal={Journal of Biopharmaceutical Statistics},
  volume={21},
  pages={1206--1231},
  year={2011}
}

@article{EfronTibshirani1997,
  title={Improvements on cross-validation: the 632+ bootstrap method},
  author={Efron, Bradley and Tibshirani, Robert},
  journal={Journal of the American Statistical Association},
  volume={92},
  pages={548--560},
  year={1997}
}

@article{CanaleDunson2013,
  title={Nonparametric Bayes modelling of count processes},
  author={Canale, A. and Dunson, D.B.},
  journal={Biometrika},
  volume={100},
  pages={801--816},
  year={2013}
}

@article{AltmanAl2012,
  title={Reporting recommendations for tumor marker prognostic studies (REMARK): explanation and elaboration},
  author={Altman, Douglas G and McShane, Lisa M and Sauerbrei, Willi and Taube, Sheila E},
  journal={BMC Medicine},
  volume={10},
  pages={51},
  year={2012}
}

@article{BuyseAl2006,
  title={Validation and clinical utility of a 70-gene prognostic signature for women with node-negative breast cancer},
  author={Buyse, Marc and Loi, Sherene and Van't Veer, Laura and Viale, Giuseppe and Delorenzi, Mauro and Glas, Annuska M and d'Assignies, Mahasti Saghatchian and Bergh, Jonas and Lidereau, Rosette and Ellis, Paul and others},
  journal={Journal of the National Cancer Institute},
  volume={98},
  pages={1183--1192},
  year={2006}
}

@article{Simon2005,
  title={Development and validation of therapeutically relevant multi-gene biomarker classifiers},
  author={Simon, Richard},
  journal={Journal of the National Cancer Institute},
  volume={97},
  pages={866--867},
  year={2005}
}

@article{MischakAl2010,
  title={Recommendations for biomarker identification and qualification in clinical proteomics},
  author={Mischak, Harald and Allmaier, G{\"u}nter and Apweiler, Rolf and Attwood, Teresa and Baumann, Marc and Benigni, Ariela and Bennett, Samuel E and Bischoff, Rainer and Bongcam-Rudloff, Erik and Capasso, Giovambattista and others},
  journal={Science Translational Medicine},
  volume={2},
  pages={46ps42},
  year={2010}
}

@article{Ferguson1973,
  title={A Bayesian analysis of some nonparametric problems},
  author={Ferguson, Thomas S},
  journal={The Annals of Statistics},
  volume={1},
  pages={209--230},
  year={1973}
}

@article{HallekAl2008,
  title={Guidelines for the diagnosis and treatment of chronic lymphocytic leukemia: a report from the International Workshop on Chronic Lymphocytic Leukemia updating the National Cancer Institute--Working Group 1996 guidelines},
  author={Hallek, Michael and Cheson, Bruce D and Catovsky, Daniel and Caligaris-Cappio, Federico and Dighiero, Guillaume and D{\"o}hner, Hartmut and Hillmen, Peter and Keating, Michael J and Montserrat, Emili and Rai, Kanti R and others},
  journal={Blood},
  volume={111},
  pages={5446--5456},
  year={2008}
}

@article{Vanhouwelingen2000,
  title={Validation, calibration, revision and combination of prognostic survival models},
  author={van Houwelingen, Hans C},
  journal={Statistics in Medicine},
  volume={19},
  pages={3401--3415},
  year={2000}
}

@article{CrowsonAl2013,
  title={Assessing calibration of prognostic risk scores},
  author={Crowson, Cynthia S and Atkinson, Elizabeth J and Therneau, Terry M},
  journal={Statistical Methods in Medical Research},
  pages={0962280213497434},
  year={2013}
}

@article{VanhouwelingenLecessie1990,
  title={Predictive value of statistical models},
  author={Van Houwelingen, JC and Le Cessie, S},
  journal={Statistics in Medicine},
  volume={9},
  pages={1303--1325},
  year={1990}
}

@article{Copas1983,
  title={Regression, prediction and shrinkage},
  author={Copas, John B},
  journal={Journal of the Royal Statistical Society. Series B (Methodological)},
  volume={45},
  pages={311--354},
  year={1983}
}

@article{Schapire1990,
  title={The strength of weak learnability},
  author={Schapire, Robert E},
  journal={Machine Learning},
  volume={5},
  pages={197--227},
  year={1990}
}

@article{Freund1995,
  title={Boosting a weak learning algorithm by majority},
  author={Freund, Yoav},
  journal={Information and Computation},
  volume={121},
  pages={256--285},
  year={1995}
}

@article{MeaseWyner2008,
  title={Evidence contrary to the statistical view of boosting},
  author={Mease, David and Wyner, Abraham},
  journal={The Journal of Machine Learning Research},
  volume={9},
  pages={131--156},
  year={2008}
}

@article{George2008,
  author = {S. George},
  title = {Statistical issues in translational cancer research},
  journal = {Clinical Cancer Research},
  year = {2008},
  volume = {14},
  pages = {5954--5958}
}

@article{DaumerAl2008,
   author = {M. Daumer and  U. Held and K. Ickstadt and M. Heinz and S. Schach and G. Ebers},
   title = {Reducing the probability of false positive research findings by pre-publication validation – Experience with a large multiple sclerosis database},
   journal = {BMC Medical Research Methodology},
   pages = {18},
   year = {2008},
   volume = {8},
}

@article{AltmanRoyston2000,
  author = {D. Altman and P. Royston},
  title = {What do we mean by validating a prognostic model?},
  journal = {Statistics in Medicine},
  year = {2000},
  volume = {19},
  pages = {453--473}
}

@article{HoerlKennard1970,
  title={Ridge regression: Biased estimation for nonorthogonal problems},
  author={Hoerl, Arthur E and Kennard, Robert W},
  journal={Technometrics},
  volume={12},
  pages={55--67},
  year={1970}
}

@article{Verweijvanhouwelingen1994,
  title={Penalized likelihood in {C}ox regression},
  author={Verweij, Pierre JM and Van Houwelingen, Hans C},
  journal={Statistics in Medicine},
  volume={13},
  pages={2427--2436},
  year={1994}
}

@techreport{DebinAl2013,
  title={Investigating the prediction ability of survival models based on both clinical and omics data: two case studies},
  author={De Bin, Riccardo and Sauerbrei, Willi and Boulesteix, Anne~Laure},
  institution={University of Munich},
  number={153},
  year={2013}
}

@article{GerdsAl2013,
  title={Estimating a time-dependent concordance index for survival prediction models with covariate dependent censoring},
  author={Gerds, Thomas A and Kattan, Michael W and Schumacher, Martin and Yu, Changhong},
  journal={Statistics in Medicine},
  volume={32},
  pages={2173--2184},
  year={2013}
}

@book{Miller2002,
  title={Subset Selection in Regression},
  author={Miller, Alan},
  year={2002},
  publisher={CRC Press}
}

@article{XanthakisAl2014,
  title={Assessing the incremental predictive performance of novel biomarkers over standard predictors},
  author={Xanthakis, Vanessa and Sullivan, Lisa M and Vasan, Ramachandran S and Benjamin, Emelia J and Massaro, Joseph M and D?Agostino, Ralph B and Pencina, Michael J},
  journal={Statistics in Medicine},
  doi={10.1002/sim.6165},
  year={2014}
}

@manual{Harrell2013,
    title = {rms: Regression Modeling Strategies},
    author = {Frank E Harrell Jr},
    year = {2013},
    note = {R package version 3.6-3},
    url = {http://CRAN.R-project.org/package=rms},
}

@article{LawlessSinghal1978,
  title={Efficient screening of nonnormal regression models},
  author={Lawless, JF and Singhal, K},
  journal={Biometrics},
  volume={34},
  pages={318--327},
  year={1978}
}

@article{AltmanAndersen1989,
  title={Bootstrap investigation of the stability of a {C}ox regression model},
  author={Altman, Douglas G and Andersen, Per Kragh},
  journal={Statistics in Medicine},
  volume={8},
  pages={771--783},
  year={1989}
}

@article{MeinshausenBuehlmann2010,
  title={Stability selection},
  author={Meinshausen, Nicolai and B{\"u}hlmann, Peter},
  journal={Journal of the Royal Statistical Society: Series B (Statistical Methodology)},
  volume={72},
  pages={417--473},
  year={2010}
}

@incollection{MammenNandi2012,
  title={Bootstrap and resampling},
  author={Mammen, Enno and Nandi, Swagata},
  booktitle={Handbook of Computational Statistics},
  pages={499--527},
  year={2012},
  publisher={Springer}
}

@book{PolitisAl1999,
  title={Subsampling},
  author={Politis, DN and Romano, JP and Wolf, M},
  year={1999},
  publisher={Springer, New York}
}

@article{BollenStine1992,
  title={Bootstrapping goodness-of-fit measures in structural equation models},
  author={Bollen, Kenneth A and Stine, Robert A},
  journal={Sociological Methods \& Research},
  volume={21},
  pages={205--229},
  year={1992}
}

@article{ChenGeorge1985,
  title={The bootstrap and identification of prognostic factors via {C}ox's proportional hazards regression model},
  author={Chen, Chen-Hsin and George, Stephen L},
  journal={Statistics in Medicine},
  volume={4},
  pages={39--46},
  year={1985}
}

@article{CopasLong1991,
  title={Estimating the residual variance in orthogonal regression with variable selection},
  author={Copas, John B and Long, Tianyong},
  journal={The Statistician},
  volume={40},
  pages={51--59},
  year={1991}
}

@book{EfronTibshirani1993,
  title={An Introduction to the Bootstrap},
  author={Efron, Bradley and Tibshirani, Robert},
  year={1993},
  publisher={CRC press}
}

@article{Efron1979,
  title={Bootstrap methods: another look at the jackknife},
  author={Efron, Bradley},
  journal={The Annals of Statistics},
  volume={7},
  pages={1--26},
  year={1979}
}

@article{IhorstAl2004,
  title={Long-and medium-term ozone effects on lung growth including a broad spectrum of exposure},
  author={Ihorst, Gabriele and Frischer, Thomas and Horak, Friedrich and Schumacher, Martin and Kopp, Matthias and Forster, Johannes and Mattes, Joerg and Kuehr, Joachim},
  journal={European Respiratory Journal},
  volume={23},
  pages={292--299},
  year={2004}
}

@techreport{JanitzalAl2014,
  title={Tests performed on bootstrap samples have increased type {I} error: Causes and practical consequences in biometrical applications},
  author={Janitza, Silke and Binder, Harald and Boulesteix, Anne-Laure},
  year = {2014},
  number={???},
  institution={Department of Statistics},
  address={University of Munich}
}

@article{MeinshausenBuehlmann2006,
  title={High-dimensional graphs and variable selection with the lasso},
  author={Meinshausen, Nicolai and B{\"u}hlmann, Peter},
  journal={The Annals of Statistics},
  volume={34},
  pages={1436--1462},
  year={2006}
}

@book{Miller2002,
  title={Subset Selection in Regression},
  author={Miller, Alan},
  year={2002},
  publisher={CRC Press}
}

@article{RospleszczAl2016,
  title={Categorical variables with many categories are preferentially selected in bootstrap-based model selection procedures for multivariable regression models},
  author={Rospleszcz, Susanne and Janitza, Silke and Boulesteix, Anne-Laure},
  journal={Biometrical Journal},
  volume={58},
  pages={652--673},
  year={2016}
}

@inproceedings{SteckJaakkola2003,
  title={Bias-corrected bootstrap and model uncertainty},
  author={Steck, Harald and Jaakkola, Tommi S},
  booktitle={Advances in Neural Information Processing Systems},
  year={2003}
}

@article{StroblAl2007,
  title={Bias in random forest variable importance measures: Illustrations, sources and a solution},
  author={Strobl, Carolin and Boulesteix, Anne-Laure and Zeileis, Achim and Hothorn, Torsten},
  journal={BMC Bioinformatics},
  volume={8},
  pages={25},
  year={2007}
}

@book{Tutz2012,
  title={Regression for categorical data},
  author={Tutz, Gerhard},
  year={2012},
  publisher={Cambridge University Press}
}


@article{UlmAl1989,
  title={{Strategien zur Auswertung einer Therapiestudie mit der {\"U}berlebenszeit als Zielkriterium}},
  author={Ulm, Kurt and Schmoor, Claudia and Sauerbrei, Willi and Kemmler, G and Aydemir, {\"U}lker and M{\"u}ller, Bettina and Schumacher, Martin},
  journal={Biometrie und Informatik in Medizin und Biologie},
  volume={20},
  pages={171--205},
  year={1989}
}

@article{WagenmakersAl2004,
  title={Na{\"\i}ve nonparametric bootstrap model weights are biased},
  author={Wagenmakers, Eric-Jan and Farrell, Simon and Ratcliff, Roger},
  journal={Biometrics},
  volume={60},
  pages={281--283},
  year={2004}
}

@article{DayeJeng2009,
  title={Shrinkage and model selection with correlated variables via weighted fusion},
  author={Daye, Z John and Jeng, X Jessie},
  journal={Computational Statistics \& Data Analysis},
  volume={53},
  pages={1284--1298},
  year={2009}
}

@article{McshaneAl2013a,
  title={Criteria for the use of omics-based predictors in clinical trials},
  author={McShane, Lisa M and Cavenagh, Margaret M and Lively, Tracy G and Eberhard, David A and Bigbee, William L and Williams, P Mickey and Mesirov, Jill P and Polley, Mei-Yin C and Kim, Kelly Y and Tricoli, James V and others},
  journal={Nature},
  volume={502},
  pages={317--320},
  year={2013}
}

@article{McshaneAl2013b,
  title={Criteria for the use of omics-based predictors in clinical trials: explanation and elaboration},
  author={McShane, Lisa M and Cavenagh, Margaret M and Lively, Tracy G and Eberhard, David A and Bigbee, William L and Williams, P Mickey and Mesirov, Jill P and Polley, Mei-Yin C and Kim, Kelly Y and Tricoli, James V and others},
  journal={BMC Medicine},
  volume={11},
  pages={220},
  year={2013}
}

@article{BoevelstadAl2007,
  title={Predicting survival from microarray data?a comparative study},
  author={B{\o}velstad, Hege M and Nyg{\aa}rd, St{\aa}ge and St{\o}rvold, Hege L and Aldrin, Magne and Borgan, {\O}rnulf and Frigessi, Arnoldo and Lingj{\ae}rde, Ole Christian},
  journal={Bioinformatics},
  volume={23},
  pages={2080--2087},
  year={2007}
}

@article{MolinaroAl2005,
  title={Prediction error estimation: a comparison of resampling methods},
  author={Molinaro, Annette M and Simon, Richard and Pfeiffer, Ruth M},
  journal={Bioinformatics},
  volume={21},
  pages={3301--3307},
  year={2005}
}

@article{McintoshAl2008,
  title={Ovarian cancer early detection claims are biased},
  author={McIntosh, Martin and Anderson, Garnet and Drescher, Charles and Hanash, Samir and Urban, Nicole and Brown, Pat and Gambhir, Sanjiv Sam and Coukos, George and Laird, Peter W and Nelson, Brad and others},
  journal={Clinical Cancer Research},
  volume={14},
  pages={7574--7574},
  year={2008}
}

@article{VickersElkin2006,
  title={Decision curve analysis: a novel method for evaluating prediction models},
  author={Vickers, Andrew J and Elkin, Elena B},
  journal={Medical Decision Making},
  volume={26},
  pages={565--574},
  year={2006}
}

@article{DoughertyAl2010,
  title={Performance of error estimators for classification},
  author={Dougherty, Edward R and Sima, Chao and Hanczar, Blaise and Braga-Neto, Ulisses M and others},
  journal={Current Bioinformatics},
  volume={5},
  pages={53--67},
  year={2010}
}

@article{ZhengAl2008,
  title={Time-dependent predictive values of prognostic biomarkers with failure time outcome},
  author={Zheng, Yingye and Cai, Tianxi and Pepe, Margaret S and Levy, Wayne C},
  journal={Journal of the American Statistical Association},
  volume={103},
  pages={362--368},
  year={2008}
}

@article{PencinaAl2011,
  title={Extensions of net reclassification improvement calculations to measure usefulness of new biomarkers},
  author={Pencina, Michael J and D'Agostino, Ralph B and Steyerberg, Ewout W},
  journal={Statistics in Medicine},
  volume={30},
  pages={11--21},
  year={2011}
}

@article{ZhengAl2013,
  title={Evaluating incremental values from new predictors with net reclassification improvement in survival analysis},
  author={Zheng, Yingye and Parast, Layla and Cai, Tianxi and Brown, Marshall},
  journal={Lifetime Data Analysis},
  volume={19},
  pages={350--370},
  year={2013}
}

@article{VickersAl2008,
  title={Extensions to decision curve analysis, a novel method for evaluating diagnostic tests, prediction models and molecular markers},
  author={Vickers, Andrew J and Cronin, Angel M and Elkin, Elena B and Gonen, Mithat},
  journal={BMC Medical Informatics and Decision Making},
  volume={8},
  pages={53},
  year={2008}
}

@article{MurrayAl2013,
  title={Graphical tools for model selection in generalized linear models},
  author={Murray, K and Heritier, S and M{\"u}ller, S},
  journal={Statistics in Medicine},
  volume={32},
  pages={4438--4451},
  year={2013}
}

@inproceedings{Gong1982,
  title={Some ideas on using the bootstrap in assessing model variability},
  author={Gong, Gail},
  booktitle={Computer Science and Statistics: Proceedings of the 14th Symposium on the Interface},
  pages={169--173},
  year={1982},
  organization={Springer New York}
}

@article{Mantel1970,
  title={Why stepdown procedures in variable selection},
  author={Mantel, Nathan},
  journal={Technometrics},
  volume={12},
  pages={621--625},
  year={1970}
}

@article{DebinAl2014a,
  title={Investigating the prediction ability of survival models based on both clinical and omics data: two case studies},
  author={De Bin, Riccardo and Sauerbrei, Willi and Boulesteix, Anne~Laure},
  journal={Statistics in Medicine},
  volume={33},
  pages={5310--5329},
  year={2014}
}

@book{Mammen1992,
  title={When Does Bootstrap Work?},
  author={Mammen, Enno},
  year={1992},
  publisher={Springer}
}

@article{DavisonAl2003,
  title={Recent developments in bootstrap methodology},
  author={Davison, Anthony C and Hinkley, David V and Young, G Alastair},
  journal={Statistical Science},
  volume={18},
  pages={141--157},
  year={2003}
}

@article{Wu1986,
  title={Jackknife, bootstrap and other resampling methods in regression analysis},
  author={Wu, Chien-Fu Jeff},
  journal={The Annals of Statistics},
  volume={14},
  pages={1261--1295},
  year={1986}
}

@article{Mammen1993,
  title={Bootstrap and wild bootstrap for high dimensional linear models},
  author={Mammen, Enno},
  journal={The Annals of Statistics},
  volume={21},
  pages={255--285},
  year={1993}
}

@article{RaoAl1997,
  title={Bootstrap by sequential resampling},
  author={Rao, C Radhakrishna and Pathak, PK and Koltchinskii, VI},
  journal={Journal of Statistical Planning and Inference},
  volume={64},
  pages={257--281},
  year={1997}
}

@article{BickelFreedman1981,
  title={Some asymptotic theory for the bootstrap},
  author={Bickel, Peter J and Freedman, David A},
  journal={The Annals of Statistics},
  volume={9},
  pages={1196--1217},
  year={1981}
}

@article{BickelAl1997,
  title={Resampling fewer than n observations: gains, losses, and remedies for losses},
  author={Bickel, Peter J and G{\"o}tze, Friedrich and van Zwet, Willem R},
  year={1997},
  journal={Statistica Sinica},
  volume={7},
  pages={1--31}
}

@article{ShaoWu1989,
  title={A general theory for jackknife variance estimation},
  author={Shao, Jun and Wu, CF Jeff},
  journal={The Annals of Statistics},
  volume={17},
  pages={1176--1197},
  year={1989}
}

@article{PolitisRomano1994,
  title={Large sample confidence regions based on subsamples under minimal assumptions},
  author={Politis, Dimitris N and Romano, Joseph P},
  journal={The Annals of Statistics},
  volume={22},
  pages={2031--2050},
  year={1994}
}

@article{BickelSakov2008,
  title={On the choice of m in the m out of n bootstrap and its application to confidence bounds for extreme percentiles},
  author={Bickel, Peter J and Sakov, Anat},
  journal={Statistica Sinica},
  volume={18},
  pages={967--985},
  year={2008}
}

@article{DelbarrioAl2009,
  title={Resampling schemes with low resampling intensity and their applications in testing hypotheses},
  author={del Barrio, Eustasio and Janssen, Arnold and Matr{\'a}n, Carlos},
  journal={Journal of Statistical Planning and Inference},
  volume={139},
  pages={184--202},
  year={2009}
}

@article{ZeltermanAl1996,
  title={Bootstrap techniques for proportional hazards models with censored observations},
  author={Zelterman, Daniel and Le, Chap T and Louis, Thomas A},
  journal={Statistics and Computing},
  volume={6},
  pages={191--199},
  year={1996}
}

@article{Burr1994,
  title={A comparison of certain bootstrap confidence intervals in the {C}ox model},
  author={Burr, Deborah},
  journal={Journal of the American Statistical Association},
  volume={89},
  pages={1290--1302},
  year={1994}
}

@inproceedings{Macqueen1967,
  title={Some methods for classification and analysis of multivariate observations},
  author={MacQueen, James},
  booktitle={Proceedings of the fifth {B}erkeley symposium on mathematical statistics and probability},
  volume={1},
  pages={281-297},
  year={1967}
}

@article{BuchholzAl2008,
  title={On properties of predictors derived with a two-step bootstrap model averaging approach: a simulation study in the linear regression model},
  author={Buchholz, Anika and Holl{\"a}nder, Norbert and Sauerbrei, Willi},
  journal={Computational Statistics \& Data Analysis},
  volume={52},
  pages={2778--2793},
  year={2008}
}

@article{Nagelkerke1991,
  title={A note on a general definition of the coefficient of determination},
  author={Nagelkerke, Nico JD},
  journal={Biometrika},
  volume={78},
  pages={691--692},
  year={1991}
}

@techreport{JanitzaAl2014,
  title={Pitfalls of hypothesis tests and model selection on bootstrap samples: causes and consequences in biometrical applications},
  author={Janitza, Silke and Binder, Harald and Boulesteix, Anne-Laure},
  year = {2014},
  number={163},
  institution={Department of Statistics},
  address={University of Munich}
}

@article{Hartigan1969,
  title={Using subsample values as typical values},
  author={Hartigan, John A},
  journal={Journal of the American Statistical Association},
  volume={64},
  pages={1303--1317},
  year={1969}
}

@book{Chernick2011,
  title={Bootstrap methods: A guide for practitioners and researchers},
  author={Chernick, Michael R},
  volume={619},
  year={2011},
  publisher={John Wiley \& Sons}
}

@book{Gifi1990,
  title={Nonlinear Multivariate Analysis},
  author={Gifi, Albert},
  year={1990},
  publisher={Wiley, New York}
}

@article{LopezpintadoRomo2009,
  title={On the concept of depth for functional data},
  author={L{\'o}pez-Pintado, Sara and Romo, Juan},
  journal={Journal of the American Statistical Association},
  volume={104},
  pages={718--734},
  year={2009}
}

@article{LopezpintadoRomo2007,
  title={Depth-based inference for functional data},
  author={L{\'o}pez-Pintado, Sara and Romo, Juan},
  journal={Computational Statistics \& Data Analysis},
  volume={51},
  pages={4957--4968},
  year={2007}
}

@article{SunGenton2011,
  title={Functional boxplots},
  author={Sun, Ying and Genton, Marc G},
  journal={Journal of Computational and Graphical Statistics},
  volume={20},
  pages={4957--4968},
  year={2011}
}

@article{HielscherAl2010,
  title={On the prognostic value of survival models with application to gene expression signatures},
  author={Hielscher, T and Zucknick, M and Werft, W and Benner, A},
  journal={Statistics in Medicine},
  volume={29},
  number={7-8},
  pages={818--829},
  year={2010},
  publisher={Wiley Online Library}
}

@article{KalliAl2011,
  title={Slice sampling mixture models},
  author={Kalli, Maria and Griffin, Jim E and Walker, Stephen G},
  journal={Statistics and Computing},
  volume={21},
  pages={93--105},
  year={2011}
}

@inproceedings{Akaike1973,
  title={Information theory and an extension of the maximum likelihood principle},
  author={Akaike, Htrotugu},
  booktitle={2nd International Symposium on Information Theory},
  pages={267--281},
  year={1973}
} 

@article{Schwarz1978,
  title={Estimating the dimension of a model},
  author={Schwarz, Gideon},
  journal={The Annals of Statistics},
  volume={6},
  pages={461--464},
  year={1978}
}

@article{BucklandAl1997,
  title={Model selection: an integral part of inference},
  author={Buckland, Steven T and Burnham, Kenneth P and Augustin, Nicole H},
  journal={Biometrics},
  volume={53},
  pages={603--618},
  year={1997}
}

@book{BurnhamAnderson2002,
  title={Model selection and multimodel inference: a practical information-theoretic approach},
  author={Burnham, Kenneth P and Anderson, David R},
  year={2002},
  publisher={Springer}
}

@article{HjortClaeskens2003,
  title={Frequentist model average estimators},
  author={Hjort, Nils Lid and Claeskens, Gerda},
  journal={Journal of the American Statistical Association},
  volume={98},
  pages={879--899},
  year={2003}
}

@article{HjortClaeskens2006,
  title={Focused information criteria and model averaging for the {C}ox hazard regression model},
  author={Hjort, Nils Lid and Claeskens, Gerda},
  journal={Journal of the American Statistical Association},
  volume={101},
  pages={1449--1464},
  year={2006}
}

@article{AugustinAl2005,
  title={The practical utility of incorporating model selection uncertainty into prognostic models for survival data},
  author={Augustin, Nicole and Sauerbrei, Willi and Schumacher, Martin},
  journal={Statistical Modelling},
  volume={5},
  pages={95--118},
  year={2005}
}

@article{SchumacherAl1997,
  title={Resampling and cross-validation techniques: a tool to reduce bias caused by model building?},
  author={Schumacher, Martin and Holl{\"a}nder, Norbert and Sauerbrei, Willi},
  journal={Statistics in Medicine},
  volume={16},
  pages={2813--2827},
  year={1997}
}

@article{HollaenderAl2006,
  title={Investigation on the improvement of prediction by bootstrap model averaging.},
  author={Holl{\"a}nder, N and Augustin, NH and Sauerbrei, W},
  journal={Methods of Information in Medicine},
  volume={45},
  pages={44--50},
  year={2006}
}

@article{SauerbreiAl2008,
  title={Investigation about a screening step in model selection},
  author={Sauerbrei, Willi and Holl{\"a}nder, Norbert and Buchholz, Anika},
  journal={Statistics and Computing},
  volume={18},
  pages={195--208},
  year={2008}
}

@article{HansenRacine2012,
  title={Jackknife model averaging},
  author={Hansen, Bruce E and Racine, Jeffrey S},
  journal={Journal of Econometrics},
  volume={167},
  pages={38--46},
  year={2012}
}

@article{HoetingAl1999,
  title={Bayesian model averaging: a tutorial},
  author={Hoeting, Jennifer A and Madigan, David and Raftery, Adrian E and Volinsky, Chris T},
  journal={Statistical Science},
  volume={14},
  pages={382--401},
  year={1999}
}

@article{WangAl2009,
  title={Frequentist model averaging estimation: a review},
  author={Wang, Haiying and Zhang, Xinyu and Zou, Guohua},
  journal={Journal of Systems Science and Complexity},
  volume={22},
  pages={732--748},
  year={2009}
}

@article{MayrAl2012b,
  title={Generalized additive models for location, scale and shape for high dimensional data -- a flexible approach based on boosting},
  author={Mayr, Andreas and Fenske, Nora and Hofner, Benjamin and Kneib, Thomas and Schmid, Matthias},
  journal={Journal of the Royal Statistical Society: Series C (Applied Statistics)},
  volume={61},
  pages={403--427},
  year={2012}
}

@article{MayrAl2014,
  title={The Evolution of Boosting Algorithms},
  author={Mayr, A and Binder, H and Gefeller, O and Schmid, M},
  journal={Methods of Information in Medicine},
  volume={53},
  pages={419--427},
  year={2014}
}

@book{VanderlaanRobins2003,
  title={Unified Methods for Censored Longitudinal Data and Causality},
  author={Van der Laan, Mark J and Robins, James M},
  year={2003},
  publisher={Springer, New York}
}

@inproceedings{ZhangCoombes2011,
  title={{UMPIRE: Ultimate Microarray Prediction, Inference, and Reality Engine}},
  author={Zhang, Jiexin and Coombes, Kevin},
  booktitle={BIOTECHNO 2011, The Third International Conference on Bioinformatics, Biocomputational Systems and Biotechnologies},
  pages={121--125},
  year={2011}
}

@article{ZhangAl2012,
  title={Simulating gene expression data to estimate sample size for class and biomarker discovery},
  author={Zhang, Jiexin and Roebuck, Paul and Coombes, Kevin},
  journal={International Journal On Advances in Life Sciences},
  volume={4},
  pages={44--51},
  year={2012}
}

@book{MccullaghNelder1989,
  title={General Linear Models},
  author={McCullagh, P and Nelder, JA},
  publisher={Chapman and Halls, London},
  year={1989}
}

@book{HastieTibshirani1990,
  title={Generalized Additive Models},
  author={Hastie, Trevor J and Tibshirani, Robert J},
  year={1990},
  publisher={CRC Press}
}

@article{HastieTibshirani1986,
  title={Generalized additive models},
  author={Hastie, Trevor and Tibshirani, Robert},
  journal={Statistical Science},
  pages={297--310},
  year={1986},
  volume={1}
}

@article{HofnerAl2013,
  title={Variable selection and model choice in structured survival models},
  author={Hofner, Benjamin and Hothorn, Torsten and Kneib, Thomas},
  journal={Computational Statistics},
  volume={28},
  pages={1079--1101},
  year={2013}
}

@Manual{Ridgeway2010,
  title = {gbm: generalized boosted regression models},
  author={Ridgeway, G},
  year = {2010},
  note = {{R} package version 1.6},
  url = {http://CRAN.R-project.org/package=gbm}
}

@inproceedings{Kohavi1995,
  title={A study of cross-validation and bootstrap for accuracy estimation and model selection},
  author={Kohavi, Ron},
  booktitle={Proceedings of International Joint Conference on Artificial Intelligence},
  pages={1137--1145},
  year={1995}
}

@article{TruntzerAl2014,
  title={Comparison of classification methods that combine clinical data and high-dimensional mass spectrometry data},
  author={Truntzer, Caroline and Mostacci, Elise and Jeannin, Aline and Petit, Jean-Michel and Ducoroy, Patrick and Cardot, Herv{\'e}},
  journal={BMC Bioinformatics},
  volume={15},
  pages={385},
  year={2014}
}

@article{DebinAl2014b,
  title={Added predictive value of omics data: specific issues related to validation illustrated by two case studies},
  author={De Bin, Riccardo and Herold, Tobias and Boulesteix, Anne-Laure},
  journal={BMC Medical Research Methodology},
  volume={14},
  pages={117},
  year={2014}
}

@book{Deboor1978,
  title={A practical guide to splines},
  author={de Boor, Carl},
  publisher={Springer, New York},
  year={1978}
}

@book{BillingsWestmore1998,
  title={The Billings Method: controlling fertility without drugs or devices},
  author={Billings, Evelyn and Westmore, Ann},
  year={1998},
  publisher={Anne O'Donovan, Melbourne}
}

@book{Roetzer1982,
  title={Nat{\"u}rliche {G}eburtenregelung: der partnerschaftliche {W}eg},
  author={R{\"o}tzer, Josef},
  year={1982},
  publisher={Herder, Vienna}
}

@Manual{Meier2015,
  title = {grplasso: Fitting user specified models with Group Lasso penalty},
  author = {Lukas Meier},
  year = {2015},
  note = {R package version 0.4-5},
  url = {http://CRAN.R-project.org/package=grplasso},
}

@article{FanLi2001,
  title={Variable selection via nonconcave penalized likelihood and its oracle properties},
  author={Fan, Jianqing and Li, Runze},
  journal={Journal of the American Statistical Association},
  volume={96},
  pages={1348--1360},
  year={2001}
}

@article{BrehenyHuang2011,
    author = {Patrick Breheny and Jian Huang},
    title = {Coordinate descent algorithms for nonconvex penalized regression, with applications to biological feature selection},
    journal = {Annals of Applied Statistics},
    year = {2011},
    volume = {5},
    pages = {232--253}
}

@article{FanLv2008,
  title={Sure independence screening for ultrahigh dimensional feature space},
  author={Fan, Jianqing and Lv, Jinchi},
  journal={Journal of the Royal Statistical Society: Series B (Methodological)},
  volume={70},
  pages={849--911},
  year={2008}
}

@article{Higham1988,
  title={Computing a nearest symmetric positive semidefinite matrix},
  author={Higham, Nicholas J},
  journal={Linear Algebra and its Applications},
  volume={103},
  pages={103--118},
  year={1988}
}

@article{MarisaAl2013,
  title={Gene expression classification of colon cancer into molecular subtypes: characterization, validation, and prognostic value},
  author={Marisa, Laetitia and de Reyni{\`e}s, Aur{\'e}lien and Duval, Alex and Selves, Janick and Gaub, Marie Pierre and others},
  journal={PLoS Medicine},
  volume={10},
  pages={e1001453},
  year={2013}
}

@Manual{GoemanAl2014,
    title = {penalized: L1 (lasso and fused lasso) and L2 (ridge) penalized estimation in GLMs and in the Cox model},
    author = {Jelle Goeman and Rosa Meijer and Nimisha Chaturvedi},
    year = {2014},
    url = {http://CRAN.R-project.org/package=penalized},
  }

@article{ByarGreen1980,
  title={The choice of treatment for cancer patients based on covariate information.},
  author={Byar, DP and Green, SB},
  journal={Bulletin du Cancer},
  volume={67},
  pages={477--490},
  year={1980}
}

@article{DebinAl2015,
  title={Subsampling versus bootstrapping in resampling-based model selection for multivariable regression},
  author={De Bin, Riccardo and Janitza, Silke and Sauerbrei, Willi and Boulesteix, Anne-Laure},
  journal={Biometrics},
  volume={72},
  pages={272--280},
  year={2016}
}

@article{SillAl2015,
  title={Applying Stability Selection to Consistently Estimate Sparse Principal Components in High-Dimensional Molecular Data},
  author={Sill, Martin and Saadati, Maral and Benner, Axel},
  journal={Bioinformatics},
  pages={btv197},
  year={2015}
}

@article{LongJohnson2015,
  title={Variable selection in the presence of missing data: resampling and imputation},
  author={Long, Qi and Johnson, Brent A},
  journal={Biostatistics},
  pages={kxv003},
  year={2015}
}

@article{JanitzaAl2013,
  title={An AUC-based permutation variable importance measure for random forests},
  author={Janitza, Silke and Strobl, Carolin and Boulesteix, Anne-Laure},
  journal={BMC Bioinformatics},
  volume={14},
  pages={119},
  year={2013}
}

@book{Pepe2003,
  title={The Statistical Evaluation of Medical Tests for Classification and Prediction},
  author={Pepe, Margaret Sullivan},
  year={2003},
  publisher={Oxford University Press, New York}
}

@inproceedings{DoerkenAl2015,
  title={Graphical tools for investigating variable selection (in)stability caused by correlated variables},
  booktitle={preparation},
  author={Doerken, Sam and De Bin, Riccardo and Sauerbrei, Willi},
  year={2015}
}

@book{Ntzoufras2009,
  title={Bayesian Modeling using {WinBUGS}},
  author={Ntzoufras, Ioannis},
  year={2009},
  publisher={Wiley, Hoboken}
}

@inproceedings{Jeffreys1946,
  title={An invariant form for the prior probability in estimation problems},
  author={Jeffreys, Harold},
  booktitle={Proceedings of the Royal Society of London A: Mathematical, Physical and Engineering Sciences},
  volume={186},
  pages={453--461},
  year={1946}
}

@book{Jeffreys1961,
  title={Theory of probability},
  author={Jeffreys, Harold},
  year={1961},
  publisher={Oxford University Press, Oxford}
}

@article{GemanGeman1984,
  title={Stochastic relaxation, {G}ibbs distributions, and the Bayesian restoration of images},
  author={Geman, Stuart and Geman, Donald},
  journal={IEEE Transactions on Pattern Analysis and Machine Intelligence},
  number={6},
  pages={721--741},
  year={1984}
}

@article{GelfandSmith1990,
  title={Sampling-based approaches to calculating marginal densities},
  author={Gelfand, Alan E and Smith, Adrian FM},
  journal={Journal of the American Statistical Association},
  volume={85},
  pages={398--409},
  year={1990}
}

@article{KassRaftery1995,
  title={Bayes factors},
  author={Kass, Robert E and Raftery, Adrian E},
  journal={Journal of the American Statistical Association},
  volume={90},
  pages={773--795},
  year={1995}
}

@article{DellaportasAl2002,
  title={On {B}ayesian model and variable selection using {MCMC}},
  author={Dellaportas, Petros and Forster, Jonathan J and Ntzoufras, Ioannis},
  journal={Statistics and Computing},
  volume={12},
  pages={27--36},
  year={2002}
}

@article{GeorgeMcculloch1993,
  title={Variable selection via {G}ibbs sampling},
  author={George, Edward I and McCulloch, Robert E},
  journal={Journal of the American Statistical Association},
  volume={88},
  pages={881--889},
  year={1993}
}

@article{KuoMallick1998,
  title={Variable selection for regression models},
  author={Kuo, Lynn and Mallick, Bani},
  journal={Sankhy{\=a}: The Indian Journal of Statistics, Series B},
  volume={60},
  pages={65--81},
  year={1998}
}

@article{SpiegelhalterAl2002,
  title={Bayesian measures of model complexity and fit},
  author={Spiegelhalter, David J and Best, Nicola G and Carlin, Bradley P and Van Der Linde, Angelika},
  journal={Journal of the Royal Statistical Society: Series B (Methodological)},
  volume={64},
  pages={583--639},
  year={2002}
}

@incollection{Dobson1983,
  title={Binary variables and logistic regression},
  author={Dobson, Annette J},
  booktitle={Introduction to Statistical Modelling},
  pages={74--90},
  year={1983},
  publisher={Springer}
}

@article{Bliss1935,
  title={The calculation of the dosage-mortality curve},
  author={Bliss, Chester Ittner},
  journal={Annals of Applied Biology},
  volume={22},
  pages={134--167},
  year={1935}
}

@article{Hubble1929,
  title={A relation between distance and radial velocity among extra-galactic nebulae},
  author={Hubble, Edwin},
  journal={Proceedings of the National Academy of Sciences},
  volume={15},
  pages={168--173},
  year={1929}
}

@article{DebinAl2015b,
  title={Integrated likelihoods in models with stratum nuisance parameters},
  author={De Bin, Riccardo and Sartori, Nicola and Severini, Thomas A},
  journal={Electronic Journal of Statistics},
  volume={9},
  pages={1474--1491},
  year={2015}
}


@article{SauerbreiAl2015,
  title={On stability issues in deriving multivariable regression models},
  author={Sauerbrei, Willi and Buchholz, Anika and Boulesteix, Anne-Laure and Binder, Harald},
  journal={Biometrical Journal},
  year={2015},
  volume={57},
  pages={531--555}
}

@article{TsaoLing2012,
  title={Subsampling method for robust estimation of regression models},
  author={Tsao, Min and Ling, Xiao},
  journal={Open Journal of Statistics},
  volume={2},
  pages={281},
  year={2012}
}

@article{KrallAl1975,
  title={A step-up procedure for selecting variables associated with survival},
  author={Krall, John M and Uthoff, Vincent A and Harley, John B},
  journal={Biometrics},
  volume={31},
  pages={49--57},
  year={1975}
}

@article{GsellAl2013,
  title={False variable selection rates in regression},
  author={G'Sell, Max Grazier and Hastie, Trevor and Tibshirani, Robert},
  journal={arXiv preprint arXiv:1302.2303},
  year={2013}
}

@article{NanYang2014,
  title={Variable Selection Diagnostics Measures for High-Dimensional Regression},
  author={Nan, Ying and Yang, Yuhong},
  journal={Journal of Computational and Graphical Statistics},
  volume={23},
  pages={636--656},
  year={2014}
}

@article{Austin2008,
  title={Using the bootstrap to improve estimation and confidence intervals for regression coefficients selected using backwards variable elimination},
  author={Austin, Peter C},
  journal={Statistics in Medicine},
  volume={27},
  pages={3286--3300},
  year={2008}
}

@article{AustinTu2004,
  title={Bootstrap methods for developing predictive models},
  author={Austin, Peter C and Tu, Jack V},
  journal={The American Statistician},
  volume={58},
  pages={131--137},
  year={2004}
}

@article{Austin2008b,
  title={Bootstrap model selection had similar performance for selecting authentic and noise variables compared to backward variable elimination: a simulation study},
  author={Austin, Peter C},
  journal={Journal of Clinical Epidemiology},
  volume={61},
  pages={1009--1017},
  year={2008}
}

@Manual{HothornAl2015,
    title = {mboost: Model-Based Boosting},
    author = {Torsten Hothorn and Peter Buehlmann and Thomas Kneib and Matthias Schmid and Benjamin Hofner and Fabian Sobotka and Fabian Scheipl},
    year = {2015},
    note = {{R} package version 2.5-0},
    url = {http://CRAN.R-project.org/package=mboost}
}

@Manual{Binder2013b,
    title = {GAMBoost: Generalized linear and additive models by likelihood based boosting},
    author = {Harald Binder},
    year = {2013},
    note = {{R} package version 1.2-3},
    url = {http://CRAN.R-project.org/package=GAMBoost}
}

@Manual{Gerds2014,
    title = {pec: Prediction Error Curves for risk prediction models in survival analysis},
    author = {Gerds, Thomas},
    year = {2014},
    note = {{R} package version 2.4-4},
    url = {http://CRAN.R-project.org/package=pec}
}

@article{BurnhamAnderson2004,
  title={Multimodel inference understanding {AIC} and {BIC} in model selection},
  author={Burnham, Kenneth P and Anderson, David R},
  journal={Sociological Methods \& Research},
  volume={33},
  pages={261--304},
  year={2004}
}

@article{RoystonSauerbrei2007,
  title={Improving the robustness of fractional polynomial models by preliminary covariate transformation: A pragmatic approach},
  author={Royston, Patrick and Sauerbrei, Willi},
  journal={Computational Statistics \& Data Analysis},
  volume={51},
  pages={4240--4253},
  year={2007}
}

@article{SuTsai2011,
  title={Outlier detection},
  author={Su, Xiaogang and Tsai, Chih-Ling},
  journal={Wiley Interdisciplinary Reviews: Data Mining and Knowledge Discovery},
  volume={1},
  pages={261--268},
  year={2011}
}

@techreport{Debin2015,
  title={Boosting in {C}ox regression: a comparison between the likelihood-based and the model-based approaches with focus on the {R}-packages {CoxBoost} and mboost},
  author={De Bin, Riccardo},
  institution={University of Munich},
  number={180},
  year={2015}
}

@article{TCGA_AML,
title = {Genomic and Epigenomic Landscapes of Adult De Novo Acute Myeloid Leukemia},
author={{The Cancer Genome Atlas Research Network}},
journal = {New England Journal of Medicine},
volume = {368},
pages = {2059--2074},
year = {2013},
}

@article{ZhaoAl2015,
  title={Combining multidimensional genomic measurements for predicting cancer prognosis: observations from TCGA},
  author={Zhao, Qing and Shi, Xingjie and Xie, Yang and Huang, Jian and Shia, BenChang and Ma, Shuangge},
  journal={Briefings in Bioinformatics},
  pages={291--303},
  year={2015}
}

@article{SimonAl2013,
  title={A sparse-group lasso},
  author={Simon, Noah and Friedman, Jerome and Hastie, Trevor and Tibshirani, Robert},
  journal={Journal of Computational and Graphical Statistics},
  volume={22},
  pages={231--245},
  year={2013}
}

@article{TurkheimerAl2003,
  title={On the undecidability among kinetic models: from model selection to model averaging},
  author={Turkheimer, Federico E and Hinz, Rainer and Cunningham, Vincent J},
  journal={Journal of Cerebral Blood Flow \& Metabolism},
  volume={23},
  pages={490--498},
  year={2003}
}

@article{WagenmakersFarrell2004,
  title={{AIC} model selection using {A}kaike weights},
  author={Wagenmakers, Eric-Jan and Farrell, Simon},
  journal={Psychonomic Bulletin \& Review},
  volume={11},
  pages={192--196},
  year={2004}
}

@article{Hansen2007,
  title={Least Squares Model Averaging},
  author={Hansen, Bruce E},
  journal={Econometrica},
  pages={1175--1189},
  year={2007},
  volume={75}
}

@article{Hansen2008,
  title={Least-squares forecast averaging},
  author={Hansen, Bruce E},
  journal={Journal of Econometrics},
  volume={146},
  pages={342--350},
  year={2008}
}

@article{Hansen2009,
  title={Averaging estimators for regressions with a possible structural break},
  author={Hansen, Bruce E},
  journal={Econometric Theory},
  volume={25},
  pages={1498--1514},
  year={2009}
}

@article{WanAl2010,
  title={Least squares model averaging by {M}allows criterion},
  author={Wan, Alan TK and Zhang, Xinyu and Zou, Guohua},
  journal={Journal of Econometrics},
  volume={156},
  pages={277--283},
  year={2010}
}

@article{Dixon1950,
  title={Analysis of extreme values},
  author={Dixon, Wilfred J},
  journal={The Annals of Mathematical Statistics},
  pages={488--506},
  year={1950},
  volume={21}
}

@article{Dixon1951,
  title={Ratios involving extreme values},
  author={Dixon, Wilfred J},
  journal={The Annals of Mathematical Statistics},
  volume={22},
  pages={68--78},
  year={1951}
}

@article{Grubbs1950,
  title={Sample criteria for testing outlying observations},
  author={Grubbs, Frank E},
  journal={The Annals of Mathematical Statistics},
  pages={27--58},
  year={1950},
  volume={21}
}

@article{MartinAl2010,
  title={DELETE-2 AND DELETE-3 JACKKNIFE PROCEDURES FOR UNMASKING IN REGRESSION},
  author={Martin, Michael A and Roberts, Steven and Zheng, Letian},
  journal={Australian \& New Zealand Journal of Statistics},
  volume={52},
  pages={45--60},
  year={2010}
}

@article{BeyaztasAlin2014,
  title={Delete-2 Jackknife-After-Bootstrap in Regression},
  author={Beyaztas, Ufuk and Alin, Aylin},
  journal={Quality and Reliability Engineering International},
  volume={30},
  pages={993--1002},
  year={2014}
}

@article{Cook1977,
  title={Detection of influential observation in linear regression},
  author={Cook, R Dennis},
  journal={Technometrics},
  pages={15--18},
  year={1977},
  volume={19}
}

@article{Johnson1996,
  title={Fitting percentage of body fat to simple body measurements},
  author={Johnson, Roger W},
  journal={Journal of Statistics Education},
  volume={4},
  pages={265--266},
  year={1996}
}

@article{SheaAl2012,
  title={Body fat percentage is associated with cardiometabolic dysregulation in BMI-defined normal weight subjects},
  author={Shea, JL and King, MTC and Yi, Y and Gulliver, W and Sun, G},
  journal={Nutrition, Metabolism and Cardiovascular Diseases},
  volume={22},
  pages={741--747},
  year={2012}
}

@article{MyintAl2014,
  title={Body fat percentage, body mass index and waist-to-hip ratio as predictors of mortality and cardiovascular disease},
  author={Myint, Phyo Kyaw and Kwok, Chun Shing and Luben, Robert N and Wareham, Nicholas J and Khaw, Kay-Tee},
  journal={Heart},
  volume={100},
  pages={1613--1619},
  year={2014}
}

@article{ChenWang1991,
  title = {Diagnostic Plots in {C}ox's Regression Model},
  author = {Chen, Chen-Hsin and Wang, P. C.},
  journal = {Biometrics},
  volume = {47},
  pages = {841--850},
  year = {1991}
}

@article{kuk1984,
  title={All subsets regression in a proportional hazards model},
  author={Kuk, Anthony YC},
  journal={Biometrika},
  volume={71},
  pages={587--592},
  year={1984}
}

@article{BillorAl2000,
  title={BACON: blocked adaptive computationally efficient outlier nominators},
  author={Billor, Nedret and Hadi, Ali S and Velleman, Paul F},
  journal={Computational Statistics \& Data Analysis},
  volume={34},
  pages={279--298},
  year={2000}
}

@article{HadiAl2009,
  title={Detection of outliers},
  author={Hadi, Ali S and Imon, AHM and Werner, Mark},
  journal={Wiley Interdisciplinary Reviews: Computational Statistics},
  volume={1},
  pages={57--70},
  year={2009}
}

@article{ChandolaAl2009,
  title={Anomaly detection: A survey},
  author={Chandola, Varun and Banerjee, Arindam and Kumar, Vipin},
  journal={ACM Computing Surveys},
  volume={41},
  pages={15:1--15:57},
  year={2009}
}

@article{Shmueli2010,
  title={To explain or to predict?},
  author={Shmueli, Galit},
  journal={Statistical Science},
  pages={289--310},
  year={2010},
  volume={25}
}

@book{AndersenSkovgaard2010,
  title={Regression with Linear Predictors},
  author={Andersen, Per Kragh and Skovgaard, Lene Theil},
  year={2010},
  publisher={Springer Science \& Business Media}
}

@article{BauerAl2008,
  title={Chromosomal changes characterize head and neck cancer with poor prognosis},
  author={Bauer, Verena L and Braselmann, Herbert and Henke, Michael and Mattern, Dominik and Walch, Axel and Unger, Kristian and Baudis, Michael and Lassmann, Silke and Huber, Reinhard and Wienberg, Johannes and others},
  journal={Journal of Molecular Medicine},
  volume={86},
  pages={1353--1365},
  year={2008}
}

@article{AndoLi2014,
  title={A model-averaging approach for high-dimensional regression},
  author={Ando, Tomohiro and Li, Ker-Chau},
  journal={Journal of the American Statistical Association},
  volume={109},
  pages={254--265},
  year={2014}
}

@article{Claeskens2012,
  title={Focused estimation and model averaging with penalization methods: an overview},
  author={Claeskens, Gerda},
  journal={Statistica Neerlandica},
  volume={66},
  pages={272--287},
  year={2012}
}

@article{LeeAl2010,
  title={Approximate conditional inference in mixed-effects models with binary data},
  author={Lee, Woojoo and Shi, Jian Qing and Lee, Youngjo},
  journal={Computational Statistics \& Data Analysis},
  volume={54},
  pages={173--184},
  year={2010}
}

@article{BNCox1979,
  title={Edgeworth and saddle-point approximations with statistical applications},
  author={Barndorff-Nielsen, O and Cox, David R},
  journal={Journal of the Royal Statistical Society. Series B (Methodological)},
  volume={41},
  pages={279--312},
  year={1979}
}

@article{Pedersen1979,
  title={Approximating conditional distributions by the mixed {E}dgeworth-saddlepoint expansion},
  author={Pedersen, Bo V},
  journal={Biometrika},
  volume={66},
  pages={597--604},
  year={1979}
}

@article{BergersenAl2011,
  title={Weighted lasso with data integration},
  author={Bergersen, Linn Cecilie and Glad, Ingrid K and Lyng, Heidi},
  journal={Statistical Applications in Genetics and Molecular Biology},
  volume={10},
  pages={1--29},
  year={2011}
}

@article{Kneib2013,
  title={Beyond mean regression},
  author={Kneib, Thomas},
  journal={Statistical Modelling},
  volume={13},
  pages={275--303},
  year={2013}
}

@article{HothornAl2014b,
  title={Conditional transformation models},
  author={Hothorn, Torsten and Kneib, Thomas and B{\"u}hlmann, Peter},
  journal={Journal of the Royal Statistical Society: Series B (Statistical Methodology)},
  volume={76},
  pages={3--27},
  year={2014}
}

@techreport{FuchsAl2013,
  title={A {U}-statistic estimator for the variance of resampling-based error estimators},
  author={Fuchs, Mathias and Hornung, Roman and De Bin, Riccardo and Boulesteix, Anne~Laure},
  institution={University of Munich},
  number={148},
  year={2013}
}

@Manual{FriedmanAl2014,
    title = {glmnet: lasso and elastic-net regularized generalized linear models},
    author = {Friedman, Jerome and Hastie, Trevor and Simon, Noah and Tibshirani, Rob},
    year = {2014},
    note = {{R} package version 1.9-8},
    url = {http://CRAN.R-project.org/package=glmnet}
}

@article{JanitzaAl2015,
  title={Pitfalls of hypothesis tests and model selection on bootstrap samples: causes and consequences in biometrical applications},
  author={Janitza, Silke and Binder, Harald and Boulesteix, Anne-Laure},
  year = {2015},
  journal={Biometrical Journal\rm{, to appear}}
}

@techreport{SeiboldAl2016,
  title={On the choice and influence of the number of boosting steps},
  author={Seibold, Heidi and Bernau, Christoph and Boulesteix, Anne-Laure and De Bin, Riccardo},
  institution={University of Munich},
  number={188},
  year={2016}
}

@article{Debin2016a,
  title={Boosting in {C}ox regression: a comparison between the likelihood-based and the model-based approaches with focus on the {R}-packages {CoxBoost} and mboost},
  author={De Bin, Riccardo},
  journal={Computational Statistics},
  volume={31},
  pages={513--531},
  year={2016}
}

@article{Debin2016b,
  title={A note on the equivalence between conditional and random-effects likelihoods in exponential families},
  author={De Bin, Riccardo},
  journal={Statistics \& Probability Letters},
  volume={110},
  pages={34--38},
  year={2016}
}

@Manual{Therneau2014,
    title = {survival: A Package for Survival Analysis in S},
    author = {Therneau, T},
    year = {2014},
    note = {{R} package version 2.37-7},
    url = {http://CRAN.R-project.org/package=survival}
}

@incollection{BoulesteixAl2017,
  title={On fishing for significance and statistician's degree of freedom in the era of big molecular data},
  author={Boulesteix, Anne-Laure and Hornung, Roman and Sauerbrei, Willi},
  booktitle={Berechenbarkeit der Welt?},
  pages={155--170},
  year={2017},
  publisher={Springer}
}

@techreport{BoulesteixAl2015,
  title={{IPF-LASSO}: integrative {L1}-penalized regression with penalty factors for prediction based on multi-omics data.},
  author={Boulesteix, Anne-Laure and De Bin, Riccardo and Jiang, Xiaoyu and Fuchs, Mathias},
  institution={University of Munich},
  number={187},
  year={2015}
}

@article{ParkCasella2008,
  title={The {B}ayesian lasso},
  author={Park, Trevor and Casella, George},
  journal={Journal of the American Statistical Association},
  volume={103},
  pages={681--686},
  year={2008}
}

@inproceedings{Bach2008,
  title={Bolasso: model consistent lasso estimation through the bootstrap},
  author={Bach, Francis R},
  booktitle={Proceedings of the 25th international conference on Machine learning},
  pages={33--40},
  year={2008}
}

@article{Lokhorst1999,
  title={The lasso and generalised linear models},
  author={Lokhorst, Justin},
  journal={Honors Project, The University of Adelaide, Australia},
  year={1999}
}

@article{StameyAl1989,
  title={Prostate specific antigen in the diagnosis and treatment of adenocarcinoma of the prostate. II. {R}adical prostatectomy treated patients.},
  author={Stamey, Thomas A and Kabalin, John N and McNeal, John E and Johnstone, Iain M and Freiha, Fuad and Redwine, Elise A and Yang, Norman},
  journal={The Journal of Urology},
  volume={141},
  pages={1076--1083},
  year={1989}
}

@article{SauerbreiAl2007,
  title={Selection of important variables and determination of functional form for continuous predictors in multivariable model building},
  author={Sauerbrei, Willi and Royston, Patrick and Binder, Harald},
  journal={Statistics in Medicine},
  volume={26},
  pages={5512--5528},
  year={2007}
}


@inproceedings{DebinAl2016,
  title={Detection of influential points as a byproduct of resampling-based model-building procedures},
  author={De Bin, Riccardo and Sauerbrei, Willi and Boulesteix, Anne-Laure},
  booktitle={4th Joint Statistical Meeting of the Deutsche Arbeitsgemeinschaft Statistik},
  year={2016}
}

@article{CostanzoAl2010,
  title={The genetic landscape of a cell},
  author={Costanzo, Michael and Baryshnikova, Anastasia and Bellay, Jeremy and Kim, Yungil and Spear, Eric D and Sevier, Carolyn S and Ding, Huiming and Koh, Judice LY and Toufighi, Kiana and Mostafavi, Sara and others},
  journal={Science},
  volume={327},
  pages={425--431},
  year={2010}
}

@Manual{MaechlerAl2014,
    title = {cluster: Cluster Analysis Basics and Extensions},
    author = {Martin Maechler and Peter Rousseeuw and Anja Struyf and Mia Hubert and Kurt Hornik},
    year = {2014},
    note = {R package version 1.15.2},
    url = {http://CRAN.R-project.org/package=cluster}
  }

@inproceedings{DevilleSaporta1980,
  title={Analyse Harmonique Qualitative},
  author={Deville, JC and Saporta, G},
  booktitle={Data Analysis and Informatics},
  pages={375--389},
  year={1980},
  publisher={New Holland, Amsterdam}
}

@article{Ruppert2012,
  title={Selecting the number of knots for penalized splines},
  author={Ruppert, David},
  journal={Journal of Computational and Graphical Statistics},
  year={2012},
  volume={11},
  pages={735--757}
}

@inproceedings{Dahl2006,
  title={Model-based clustering for expression data via a {D}irichlet process mixture model},
  author={Dahl, David B},
  booktitle={Bayesian Inference for Gene Expression and Proteomics},
  pages={201--218},
  year={2006},
  publisher={Cambridge University Press}
}

@article{MedvedovicSivaganesan2002,
  title={Bayesian infinite mixture model based clustering of gene expression profiles},
  author={Medvedovic, Mario and Sivaganesan, Siva},
  journal={Bioinformatics},
  volume={18},
  pages={1194--1206},
  year={2002}
}

@article{JacquesPreda2014,
  title={Functional data clustering: a survey},
  author={Jacques, Julien and Preda, Cristian},
  journal={Advances in Data Analysis and Classification},
  volume={8},
  pages={231--255},
  year={2014}
}

@book{KaufmanRousseeuw1990,
  title={Finding Groups in Data},
  author={Kaufman, L and Rousseeuw, Peter J},
  year={1990},
  publisher={Wiley, Hoboken}
}

@book{RamsaySilverman2002,
  title={Applied functional data analysis: methods and case studies},
  author={Ramsay, James O and Silverman, Bernard W},
  year={2002},
  publisher={Springer, New York}
}

@Manual{RamsayAl2014,
    title = {fda: Functional Data Analysis},
    author = {J. O. Ramsay and Hadley Wickham and Spencer Graves and Giles Hooker},
    year = {2014},
    note = {R package version 2.4.4},
    url = {http://CRAN.R-project.org/package=fda},
  }

@article{ScarpaDunson2014,
  author={Bruno Scarpa and David B. Dunson},
  year={2014},
  title={Enriched Stick-Breaking Processes for Functional Data},
  journal={Journal of the American Statistical Association},
  volume={109},
  pages={647--660}
}

@article{LeonnoveloAl2010,
  title={Assessing toxicities in a clinical trial: {B}ayesian inference for ordinal data nested within categories},
  author={Leon-Novelo, LG and Zhou, X and Bekele, B Nebiyou and M{\"u}ller, P},
  journal={Biometrics},
  volume={66},
  pages={966--974},
  year={2010}
}

@article{KottasAl2005,
  title={Nonparametric {B}ayesian modeling for multivariate ordinal data},
  author={Kottas, Athanasios and M{\"u}ller, Peter and Quintana, Fernando},
  journal={Journal of Computational and Graphical Statistics},
  volume={14},
  pages={610--625},
  year={2005}
}

@article{BandyopadhyayCanale2016,
  title={Non-parametric spatial models for clustered ordered periodontal data},
  author={Bandyopadhyay, Dipankar and Canale, Antonio},
  journal={Journal of the Royal Statistical Society: Series C (Applied Statistics)},
  volume={65},
  pages={619--640},
  year={2016}
}

@article{Breiman1996,
  title={Bagging predictors},
  author={Breiman, Leo},
  journal={Machine Learning},
  volume={24},
  pages={123--140},
  year={1996}
}


@article{BaksalaryPuntanen1990,
  title={A complete solution to the problem of robustness of {G}rubbs's test},
  author={Baksalary, Jerzy K and Puntanen, Simo},
  journal={Canadian Journal of Statistics},
  volume={18},
  pages={285--287},
  year={1990}
}


@article{YoungAl1989,
  title={On the effect of correlation and unequal variances in detecting a spurious observation},
  author={Young, Dean M and Pavur, Robert and Marco, Virgil R},
  journal={Canadian Journal of Statistics},
  volume={17},
  pages={103--105},
  year={1989}
}

@article{Srivastava1980,
  title={Effect of equicorrelation in detecting a spurious observation},
  author={Srivastava, MS},
  journal={Canadian Journal of Statistics},
  volume={8},
  pages={249--251},
  year={1980}
}

@Manual{Harrell2016,
    title = {rms: Regression Modeling Strategies},
    author = {Frank E Harrell Jr},
    year = {2016},
    note = {R package version 4.5-0},
    url = {http://CRAN.R-project.org/package=rms},
  }

@article{BendreKale1985,
  title={Masking effect on tests for outliers in exponential models},
  author={Bendre, SM and Kale, BK},
  journal={Journal of the American Statistical Association},
  volume={80},
  pages={1020--1025},
  year={1985}
}

@article{Lancaster2002,
  Author = {Lancaster, T.},
  Journal = {Review of Economic Studies},
  Pages = {647--666},
  Title = {Orthogonal parameters and panel data},
  Volume = {69},
  Year = {2002}
}

@article{MayrAl2014b,
  title={Extending statistical boosting},
  author={Mayr, A and Binder, H and Gefeller, O and Schmid, M},
  journal={Methods of Information in Medicine},
  volume={53},
  pages={428--435},
  year={2014}
}

@book{Laplace1812,
  title={{Theorie Analytique des Probabilites}},
  author={Laplace, P.S.},
  year={1812},
  publisher={Caurcier, Paris}
}

@article{AtkinsonRiani2002,
  title={Forward search added-variable t-tests and the effect of masked outliers on model selection},
  author={Atkinson, Anthony C and Riani, Marco},
  journal={Biometrika},
  volume={39},
  pages={939--946},
  year={2002}
}

@book{AtkinsonRiani2000,
author={Atkinson, Anthony C and Riani, Marco},
title={Robust Diagnostic Regression Analysis},
year={2000},
publisher={Springer, New York}
}

@article{WillemsVanaelst2005,
  title={Fast and robust bootstrap for LTS},
  author={Willems, Gert and Van Aelst, Stefan},
  journal={Computational Statistics \& Data Analysis},
  volume={48},
  pages={703--715},
  year={2005}
}

@article{VanhouwelingenSauerbrei2013,
  title={Cross-validation, shrinkage and variable selection in linear regression revisited},
  author={van Houwelingen, Hans C and Sauerbrei, Willi},
  year={2013},
  journal={Open Journal of Statistics},
  volume={3},
  pages={79--102}
}

@article{RoystonSauerbrei2003,
  title={Stability of multivariable fractional polynomial models with selection of variables and transformations: a bootstrap investigation},
  author={Royston, P and Sauerbrei, W},
  journal={Statistics in Medicine},
  volume={22},
  pages={639--659},
  year={2003}
}

@article{BinderSauerbrei2009,
  title={Stability analysis of an additive spline model for respiratory health data by using knot removal},
  author={Binder, Harald and Sauerbrei, Willi},
  journal={Journal of the Royal Statistical Society: Series C (Applied Statistics)},
  volume={58},
  pages={577--600},
  year={2009}
}

@article{Demidenko2007,
  title={Sample size determination for logistic regression revisited},
  author={Demidenko, Eugene},
  journal={Statistics in Medicine},
  volume={26},
  pages={3385--3397},
  year={2007}
}

@article{RobinsonJewell1991,
  title={Some surprising results about covariate adjustment in logistic regression models},
  author={Robinson, Laurence D and Jewell, Nicholas P},
  journal={International Statistical Review/Revue Internationale de Statistique},
  pages={227--240},
  year={1991},
  publisher={JSTOR}
}

@article{BartolucciAl2016,
  title={Modified profile likelihood for fixed-effects panel data models},
  author={Bartolucci, F and Bellio, R and Salvan, A and Sartori, N},
  journal={Econometric Reviews},
  volume={35},
  pages={1271--1289},
  year={2016}
}

@article{RianiAl2012,
  title={{FSDA: a MATLAB toolbox for robust analysis and interactive data exploration}},
  author={Riani, Marco and Perrotta, Domenico and Torti, Francesca},
  journal={Chemometrics and Intelligent Laboratory Systems},
  volume={116},
  pages={17--32},
  year={2012}
}

@book{Bellman1961,
  title={Adaptive control process: a guided tour},
  author={Bellman, Richard},
  year={1961},
  publisher={Princeton University Press, London}
}

@article{DebinAl2017,
  title={Detection of influential points as a byproduct of resampling-based model-building procedures},
  author={De Bin, Riccardo and Sauerbrei, Willi and Boulesteix, Anne-Laure},
  journal={Computational Statistics \& Data Analysis},
  volume={116},
  pages={19--31},
  year={2017}
}

@article{WaldmannAl2017,
  title={Boosting joint models for longitudinal and time-to-event data},
  author={Elisabeth Waldmann and David Taylor-Robinson and Nadja Klein and Thomas Kneib and Tania Pressler and Matthias Schmid and Andreas Mayr},
  journal={Biometrical Journal},
  volume={},
  pages={DOI: 10.1002/bimj.201600158},
  year={2017}
}

@article{BinderAl2009,
  title={Boosting for high-dimensional time-to-event data with competing risks},
  author={Binder, Harald and Allignol, Arthur and Schumacher, Martin and Beyersmann, Jan},
  journal={Bioinformatics},
  volume={25},
  pages={890--896},
  year={2009}
}

@article{FineGray1999,
  title={A proportional hazards model for the subdistribution of a competing risk},
  author={Fine, Jason P and Gray, Robert J},
  journal={Journal of the American Statistical Association},
  volume={94},
  pages={496--509},
  year={1999}
}

@article{SaldanaFeng2016,
  title={{SIS}: An {R} package for Sure Independence Screening in Ultrahigh Dimensional Statistical Models},
  author={Saldana, Diego Franco and Feng, Yang},
  journal={Journal of Statistical Software},
  year={2016}
}

@article{SeiboldAl2018,
  title={On the choice and influence of the number of boosting steps for high-dimensional linear Cox-models},
  author={Seibold, Heidi and Bernau, Christoph and Boulesteix, Anne-Laure and De Bin, Riccardo},
  journal={Computational Statistics},
  pages={1--21},
  year={2018}
}

@article{CarmichaelMarron2018,
  title={Data science vs.\ statistics: two cultures?},
  author={Carmichael, Iain and Marron, J. S.},
  journal={Japanese Journal of Statistics and Data Science},
  pages={1--22},
  year={2018}
}

@misc{Bhardwaj2017,
author={Bhardwaj, A.},
title={{What is the difference between data science and statistics?}},
url={https://priceonomics.com/whats-the-difference-between-data-science-and/},
year={2017}
}

@misc{Gelman2013,
author={Gelman, A.},
title={{Statistics is the least important part of data science}},
url={http://andrewgelman.com/2013/11/14/statistics-least-important-part-data-science/},
year={2013}
}

@article{Breiman1995,
  title={Better subset regression using the nonnegative garrote},
  author={Breiman, Leo},
  journal={Technometrics},
  volume={37},
  pages={373--384},
  year={1995}
}

@article{KnightFu2000,
  title={Asymptotics for lasso-type estimators},
  author={Knight, Keith and Fu, Wenjiang},
  journal={Annals of Statistics},
  volume={28},
  pages={1356--1378},
  year={2000}
}

@article{HjortGlad1995,
  title={Nonparametric density estimation with a parametric start},
  author={Hjort, Nils Lid and Glad, Ingrid K},
  journal={The Annals of Statistics},
  pages={882--904},
  volume={23},
  year={1995}
}

@book{AzzaliniScarpa2012,
  title={Data Analysis and Data Mining: An introduction},
  author={Azzalini, Adelchi and Scarpa, Bruno},
  year={2012},
  publisher={Oxford University Press, New York}
}

@article{Galton1907,
  title={Vox Populi},
  author={Galton, Francis},
  year={1907},
  journal={Nature},
  volume={75},
  pages={450--451}
}

@book{SchapireFreund2014,
  title={Boosting: Foundations and Algorithms},
  author={Schapire, Robert E. and Freund, Yoav},
  year={2014},
  publisher={MIT Press, Cambridge}
}

@misc{Lichman2013,
author = {M. Lichman},
year = {2013},
title = {{UCI} Machine Learning Repository},
url = {http://archive.ics.uci.edu/ml},
institution = {University of California, Irvine, School of Information and Computer Sciences}
}

@article{PatricioAl2018,
  title={Using Resistin, glucose, age and BMI to predict the presence of breast cancer},
  author={Patr{\'\i}cio, Miguel and Pereira, Jos{\'e} and Cris{\'o}stomo, Joana and Matafome, Paulo and Gomes, Manuel and Sei{\c{c}}a, Raquel and Caramelo, Francisco},
  journal={BMC Cancer},
  volume={18},
  pages={29},
  year={2018}
}

@book{HastieAl2009,
  title={The Elements of Statistical Learning: Data Mining, Inference and Prediction (2nd Edition)},
  author={Hastie, Trevor and Tibshirani, Robert and Friedman, Jerome},
  year={2009},
  publisher={Springer, New York}
}

@article{RiegerAl2004,
  title={Toxicity from radiation therapy associated with abnormal transcriptional responses to DNA damage},
  author={Rieger, Kerri E and Hong, Wan-Jen and Tusher, Virginia Goss and Tang, Jean and Tibshirani, Robert and Chu, Gilbert},
  journal={Proceedings of the National Academy of Sciences},
  volume={101},
  pages={6635--6640},
  year={2004}
}

@article{BenjaminiHochberg1995,
  title={Controlling the false discovery rate: a practical and powerful approach to multiple testing},
  author={Benjamini, Yoav and Hochberg, Yosef},
  journal={Journal of the Royal Statistical Society. Series B (Methodological)},
  pages={289--300},
  year={1995}
}

@article{VanhouwelingenAl2002,
  title={Advanced methods in meta-analysis: multivariate approach and meta-regression},
  author={Van Houwelingen, Hans C and Arends, Lidia R and Stijnen, Theo},
  journal={Statistics in Medicine},
  volume={21},
  pages={589--624},
  year={2002}
}

@article{BellioGuolo2016,
  title={Integrated Likelihood Inference in Small Sample Meta-analysis for Continuous Outcomes},
  author={Bellio, Ruggero and Guolo, Annamaria},
  journal={Scandinavian Journal of Statistics},
  volume={43},
  pages={191--201},
  year={2016}
}

@article{CorteseSartori2016,
  title={Integrated likelihoods in parametric survival models for highly clustered censored data},
  author={Cortese, Giuliana and Sartori, Nicola},
  journal={Lifetime Data Analysis},
  volume={22},
  pages={382--404},
  year={2016}
}




























@article{MackowiakAl1992,
  title={A critical appraisal of $98.6^{\circ}${F}, the upper limit of the normal body temperature, and other legacies of {Carl Reinhold August Wunderlich}},
  author={Mackowiak, Philip A and Wasserman, Steven S and Levine, Myron M},
  journal={Journal of the American Medical Association},
  volume={268},
  pages={1578--1580},
  year={1992}
}










